3950 5975
822 740 995 835 *15*-

349 898 366 955 J
371 896 485 958 uliano
500 895 665 972 Bernard,
681 897 863 979 principali
886 899 1024 979 collegii
1038 897 1202 974 Montani,
1216 903 1251 964 et
1264 897 1407 964 Nicolao
1422 903 1465 963 du

349 1003 452 1073 Thon,
474 1004 655 1083 principali
670 1006 833 1069 Olonterii
850 1006 998 1085 collegii,
1012 1007 1243 1080 succensetis,
1263 1009 1301 1069 ut
1317 1010 1475 1080 aiebant.

348 1125 367 1170 a
399 1107 533 1171 'ceteris
563 1112 751 1201 'magistris
780 1114 1052 1193 rogantibusque
1104 1113 1302 1188 Facultatis,
1345 1116 1465 1177 domus

347 1216 484 1294 collegii
520 1218 669 1288 Artium,
701 1236 801 1298 quam
840 1219 975 1287 emebat
1013 1221 1256 1283 Universitatis
1293 1222 1463 1299 syndicus,

346 1323 548 1385 Franciscus
572 1328 735 1403 Bourget,
753 1326 961 1404 octingentis
984 1327 1233 1406 quinquaginta
1247 1328 1342 1389 libris
1365 1329 1467 1390 turo-

347 1430 1467 1502 nensibus.Dicebantvenditoresdomus.claustraactectadiruta

346 1552 423 1597 esse
434 1552 442 1607 ;
453 1537 635 1615 collegium
648 1539 740 1599 enim
755 1539 960 1608 turnucum
977 1540 1054 1601 1562
1064 1541 1209 1601 multum
1222 1541 1339 1601 laesum
1352 1556 1430 1601 esse
1442 1539 1462 1599 ¹.

346 1642 529 1704 Dicebatur
544 1645 654 1706 adhuc
675 1646 710 1705 in
727 1662 767 1707 eo
791 1644 876 1705 nihil
892 1647 996 1707 studii
1017 1649 1075 1709 aut
1092 1646 1163 1708 iere
1181 1645 1266 1707 nihil
1287 1646 1463 1708 exerceri:

345 1774 362 1807 «
385 1754 430 1812 bde
454 1751 580 1813 Fabien
604 1753 719 1829 Hardy
744 1756 845 1829 ayant
869 1754 993 1815 exhibe
1014 1772 1078 1833 par
1102 1772 1142 1830 cy
1165 1754 1289 1822 devant
1317 1754 1466 1833 quelque

345 1858 457 1920 terme
483 1859 526 1919 de
562 1860 695 1937 college
736 1876 780 1921 ou
803 1862 881 1939 plus
904 1862 957 1925 tot
988 1860 1254 1939 pedagogio-en
1291 1861 1393 1922 icelle
1406 1859 1430 1919 ².
1449 1878 1468 1919 u*

343 1966 483 2033 Quidam
498 1964 607 2043 igitur
623 1966 861 2028 Universitatls
884 1966 1050 2036 officiarii,
1076 1967 1129 2027 his
1152 1966 1356 2052 miserrimis
1380 1968 1466 2028 tem-

342 2071 495 2149 poribus,
512 2073 550 2133 ut
565 2072 709 2133 ditiores
735 2072 872 2144 tierent,
889 2074 1000 2134 solum
1025 2074 1200 2134 curabant.
1222 2074 1287 2134 Sed
1311 2074 1463 2135 venditio

336 2180 418 2250 ista,
445 2196 548 2258 quum
575 2179 610 2241 in
640 2180 852 2248 Universitat
878 2228 884 2253 ‚
918 2182 992 2241 tum
1019 2181 1054 2242 in
1084 2183 1166 2243 urbe
1192 2180 1462 2259 indignationem

343 2286 493 2347 omnium
522 2287 642 2371 movit.
677 2288 851 2365 Suppositi
893 2288 1049 2367 quidam.
1085 2290 1123 2349 nt
1165 2287 1315 2350 venditio
1352 2303 1465 2349 annu-

342 2392 493 2461 laretur,
533 2394 733 2471 petierunt,
768 2394 918 2472 pretium
958 2412 1103 2474 parvum
1145 2397 1331 2473 arguentes
1372 2412 1463 2474 emp·

342 2500 457 2586 tionis,
476 2500 621 2577 collegio
638 2518 737 2563 cesso
754 2500 962 2579 octingentis
979 2502 1227 2579 quinquaginta
1243 2502 1351 2573 libris,
1373 2504 1463 2580 quod

343 2590 491 2685 quatuor
507 2606 654 2668 millibus
669 2608 817 2679 valeret3
835 2608 1001 2669 decanum
1019 2610 1053 2669 et
1072 2608 1281 2685 principales
1293 2610 1464 2686 negabant

343 2714 571 2776 auctorisatos
589 2732 666 2775 esse
687 2716 727 2775 ab
745 2714 976 2777 Universitate
995 2736 1002 2788 3
1029 2715 1225 2794 scandalum
1246 2715 1324 2776 dein
1341 2716 1464 2777 olama-

341 2819 1462 2898 bantempticollegiiasyndicotluiautemvenditionemassensn

342 2944 403 2990 suo
420 2930 698 3007 comprobabant,
717 2929 886 2991 minutum
912 2930 1097 3008 collegium
1121 2947 1211 3003 esse,
1235 2947 1304 2993 non
1319 2930 1461 2992 Univer-

341 3036 489 3111 si-tatem,
512 3035 572 3098 sed
588 3037 781 3098 facultatem
798 3037 932 3098 Artium
950 3036 1061 3099 solum
1088 3039 1291 3115 contingere
1319 3055 1461 3116 respon-

339 3144 464 3204 debant
478 3161 484 3204 :
499 3145 588 3222 quod
601 3143 768 3222 optimum
780 3147 1021 3221 argumentum
1038 3146 1112 3206 erat
1123 3145 1146 3206 ³.
1158 3148 1246 3206 -Nam
1259 3147 1460 3206 asserebant

339 3249 766 3328 suppositi‘Universitatls
783 3253 818 3310 in
835 3251 982 3328 collegio
1009 3269 1147 3329 semper
1172 3252 1285 3312 studia
1305 3252 1461 3313 exercita

338 3373 416 3419 esse
452 3375 471 3418 a
504 3360 551 3417 ΜΟ
581 3359 684 3418 Petro
714 3361 864 3433 Auvray,
907 3357 942 3418 in
967 3361 1047 3434 jure
1073 3358 1264 3431 licentiato,
1303 3359 1459 3420 Johanne

336 3463 480 3535 villano,
498 3463 532 3524 in
556 3477 655 3524 sacra
677 3463 803 3541 pagina
829 3464 1098 3533 baccalaureato,
1125 3465 1262 3542 AEgidio
1287 3465 1397 3542 Bigot,
1423 3464 1458 3524 in

337 3570 520 3648 theologiae
552 3569 714 3632 facultate
741 3570 894 3641 doctore,
922 3575 956 3632 et
982 3571 1130 3633 Fabiano
1161 3571 1286 3646 Hardy,
1303 3593 1321 3627 «
1344 3571 1458 3649 lequel

337 3677 474 3754 puisun
491 3677 578 3738 mois
595 3693 635 3738 en
654 3693 694 3752 ca
709 3677 813 3738 estoit
828 3677 982 3738 resident
1001 3679 1035 3738 et
1050 3678 1162 3739 tenuit
1181 3661 1313 3755 college
1334 3693 1376 3738 en
1391 3678 1455 3738 lad.

337 3785 467 3848 Maison
485 3807 499 3844 n
517 3785 539 3846 1.
564 3785 619 3846 Lis
646 3785 687 3845 ad
717 3785 917 3863 praetorium
952 3786 1079 3846 baillivi
1100 3785 1317 3848 cadomensis
1345 3786 1459 3846 delata

337 3892 412 3964 fuit,
435 3909 551 3954 coram
582 3892 701 3954 Oarolo
730 3892 772 3953 de
798 3892 1054 3969 Bourgueville,
1072 3892 1251 3963 scutifero'
1267 3893 1302 3953 in
1324 3893 1456 3970 legibus
1493 3902 1496 3909 ’

335 3999 525 4065 licentiato.
538 3999 641 4077 Regis
653 3997 863 4068 consiliario,
874 3999 932 4077 qui
947 4000 1159 4060 memorabat
1174 4015 1210 4060 se
1222 4016 1300 4061 esse
1311 4015 1457 4060 conser-

381 4267 408 4316 1.
429 4286 441 4310 ι
449 4267 492 4316 De
503 4265 602 4330 grands
613 4265 717 4328 images
730 4280 764 4314 ou
774 4263 931 4315 simulacres
942 4269 1133 4328 representans
1144 4265 1185 4316 les
1198 4269 1258 4327 sept
1267 4269 1324 4313 arts
1333 4264 1456 4313 liberanx

333 4347 387 4397 fort
412 4345 475 4396 bien
501 4347 616 4410 graveas
638 4347 666 4395 et
687 4345 900 4408 representans...
920 4345 1013 4395 iurent
1035 4346 1169 4395 abbatues
1194 4350 1221 4395 et
1240 4343 1374 4403 froissees‚
1394 4343 1456 4393 n'en
1538 4399 1540 4405 .

333 4431 438 4477 restant
454 4441 507 4489 que
522 4426 678 4489 lesplaces,
697 4439 745 4487 par
769 4424 809 4474 les
832 4429 998 4487 protestante
1018 4425 1052 4474 de
1066 4441 1098 4487 ce
1117 4425 1292 4474 malheureux
1308 4438 1343 4473 an
1358 4425 1425 4472 1561.
1442 4440 1455 4472 u

334 4507 378 4569 (de
390 4507 465 4567 Brea,
482 4507 546 4568 328.)
713 4567 714 4572 ¹

382 4587 404 4638 1.
421 4606 432 4631 «
444 4586 551 4636 Extroit
560 4585 595 4635 du
609 4585 724 4648 registro
735 4583 771 4633 du
784 4583 869 4648 greffe
883 4584 916 4634 de
929 4585 969 4634 ΜΓ
980 4585 1006 4635 le
1018 4585 1103 4648 boilly
1116 4585 1149 4635 de
1157 4585 1236 4635 Gaea.
1246 4600 1258 4633 u
1270 4582 1362 4646 (Arch.
1374 4582 1456 4643 Gala,

334 4669 368 4716 D.
384 4667 495 4718 Facultc
510 4673 533 4716 ct
549 4665 650 4730 Oollcpc
665 4664 709 4713 dcc
723 4664 815 4728 Acts.)

382 4749 405 4797 3.
422 4745 552 4798 Facultas
566 4746 636 4797 enim
651 4749 754 4795 emerat
768 4743 876 4794 domum
892 4741 985 4794 militis
1002 4746 1064 4796 1460
1073 4761 1152 4804 anno,
1165 4749 1269 4808 postea,
1281 4743 1388 4794 domum
1397 4758 1456 4806 pro·

336 4828 464 4892 pinquam
492 4829 550 4876 1487
570 4841 653 4886 anno,
689 4840 770 4886 quam
803 4825 910 4874 domum
940 4826 1065 4876 Rectoris
1099 4825 1172 4875 aedes
1201 4823 1281 4874 hodie
1306 4826 1450 4886 occupant.

338 4907 379 4958 Cf.
396 4905 550 4968 Bourmont,
564 4907 617 4956 lto.

381 4991 407 5037 4.
422 4989 553 5038 Notemus
574 4987 640 5036 duos
655 5001 688 5036 ex
704 4984 745 5034 his
763 4986 820 5048 jam
844 4987 903 5034 1535
924 5000 995 5036 anno
1020 4986 1048 5035 in
1064 4985 1170 5035 Artium
1185 4982 1301 5047 collegio
1317 4983 1454 5034 docuisse:

336 5068 490 5120 Johannem
504 5067 641 5118 Villauum
655 5065 882 5127 Charalraxinam
898 5071 965 5127 etc,
978 5065 1090 5116 Petrum
1102 5064 1219 5127 Auvray.
1230 5062 1274 5114 Oi.
1291 5060 1416 5127 Chapitre
1426 5079 1455 5112 11.
