3950 5975
816 786 988 848 „gl-

346 944 472 1007 fiebant
489 962 508 1007 a
522 946 699 1009 Praefectis
715 946 888 1011 rationum
900 950 935 1010 et
950 946 1109 1018 Tribunis
1125 948 1268 1010 aerariis.
1285 946 1466 1026 Dionysius

346 1052 536 1131 Pelloquin,
552 1053 606 1114 vir
624 1054 874 1127 ornatissimus,
894 1054 951 1134 qui
979 1055 1015 1115 in
1043 1054 1181 1118 civitate
1212 1054 1466 1119 honestissimis

347 1158 549 1222 muneribus
564 1160 782 1239 fungebatur,
805 1161 1058 1240 Rothomagum
1072 1161 1242 1241 migravit,
1264 1164 1303 1225 ut
1315 1151 1351 1224 id
1367 1180 1470 1242 expe·

347 1265 448 1340 diret,
466 1267 500 1327 et
518 1268 597 1346 post
613 1284 704 1341 eum,
719 1268 818 1331 multi
834 1269 903 1343 alii,
929 1256 1106 1333 etiterum
1131 1270 1294 1333 Nicolaus
1314 1273 1470 1332 Fossaeus

348 1373 540 1438 Decurio¹.
579 1376 644 1437 Sed
685 1376 796 1437 invisa
838 1377 938 1438 erant
982 1376 1317 1455 Rothomagensibns
1358 1377 1473 1438 omnia

350 1481 489 1559 negotia
511 1482 552 1545 ad
581 1482 1084 1562 Universitatem-spectantia,
1116 1482 1213 1563 cujus
1252 1482 1347 1545 urbis
1389 1483 1471 1545 civis

352 1588 486 1667 quidam
504 1605 621 1651 coram
643 1592 780 1651 Fossaeo
797 1591 941 1668 quadam
961 1590 1016 1652 die
1036 1590 1239 1652 exclamavit
1256 1607 1294 1651 2«
1310 1589 1418 1651 Heus!
1436 1592 1474 1651 tu

352 1711 496 1773 ecquem
511 1696 636 1758 vestris
656 1698 759 1759 rebus
784 1697 922 1759 modum
947 1696 1204 1759 constituistis?
1229 1714 1372 1777 ecquam
1394 1713 1476 1758 ves-

354 1804 444 1864 tram
473 1802 577 1863 vultis
607 1819 685 1865 esse
717 1802 1048 1866 civitatemlunam
1079 1803 1257 1866 minimum
1295 1805 1476 1866 conflatam

355 1909 523 1971 extribus
539 1909 646 1972 Italiae
663 1910 923 1991 potentissimis
941 1910 1097 1990 Neapoli,
1114 1909 1231 1972 Genua
1246 1914 1280 1973 91
1295 1907 1444 1973 Patario.
1459 1934 1477 1967 »

356 2038 370 2074 1
392 2017 441 2077 Ad
470 2033 522 2087 aa,
541 2016 652 2095 inquit
668 2018 846 2086 Ruxelius,
864 2018 1150 2095 legatusnoster,
1181 2018 1272 2096 quod
1301 2019 1395 2080 esset
1420 2035 1477 2079 res

356 2124 568 2203 perridicula
583 2124 668 2185 nihil
694 2125 785 2186 aliud
807 2142 909 2204 quam
928 2124 1043 2189 ridere
1058 2124 1081 2185 2.
1098 2147 1116 2181 >>
1134 2124 1200 2186 Cur
1215 2126 1329 2187 autem
1343 2126 1478 2187 tantum

345 2222 502 2293 ι(1111101110
533 2232 574 2293 de
604 2231 669 2293 hac
696 2248 734 2293 re
758 2231 1054 2311 Rothomagenses
1081 2230 1304 2293 invidebantl
1336 2232 1480 2293 Sedibus

356 2354 471 2400 nonne
505 2355 524 2427 e
559 2338 630 2400 suis
660 2338 846 2400 transferri
877 2338 914 2399 in
948 2339 1104 2417 ipsorum
1136 2338 1311 2400 civitatem
1347 2340 1481 2400 Acade-

358 2444 459 2507 miam
489 2446 687 2509 volebant?
730 2446 766 2506 Id
796 2446 912 2509 autem
954 2446 1202 2524 pernegabant.
1227 2445 1480 2523 ,alutelligunt

358 2552 470 2631 inquit
493 2552 670 2629 Ruxelius,
701 2552 850 2614 maxima
880 2568 958 2614 esse
983 2547 1179 2629 juventutis
1203 2551 1298 2623 vitia,
1325 2552 1482 2612 naturam

359 2658 571 2738 profundere
588 2661 663 2737 ejus
689 2659 799 2721 aetatis
817 2658 1034 2737 cupiditates,
1053 2676 1140 2736 quae,
1159 2657 1226 2719 nisi
1245 2659 1482 2732 coerceantur,

359 2765 413 2827 vix
436 2765 587 2828 serendae
613 2767 648 2828 et
671 2765 871 2828 tolerabiles
896 2765 1055 2827 eradunt.
1085 2767 1166 2826 Cum
1191 2767 1306 2826 autem
1329 2764 1485 2843 ipsorum

361 2862 571 2952 magnopere
596 2872 748 2945 intersit,
777 2888 848 2951 pro
875 2872 979 2934 tantis
1011 2871 1120 2950 copiis
1150 2871 1278 2949 degere
1305 2870 1340 2931 in
1370 2871 1487 2949 quieta

362 2978 499 3054 ciuitate
520 2979 620 3042 facile
644 2979 825 3059 patiuntur
840 2996 877 3042 se
902 2995 1022 3042 carere
1045 2976 1102 3039 his
1118 2977 1275 3040 omnibus
1298 2978 1485 3041 commodis

363 3105 437 3166 quae
454 3104 516 3150 nos
539 3087 662 3166 cupide
686 3087 880 3166 colligimus
897 3087 932 3148 et
950 3085 1198 3164 aucupamur3.
1215 3108 1233 3142 s
1258 3085 1501 3147 cadomenses*

362 3196 489 3269 tamen,
522 3196 675 3274 quamvis
714 3197 883 3275 qnondam
924 3196 1152 3275 desperarent
1174 3196 1281 3256 ‘dona
1307 3194 1488 3256 Universi-

363 3302 424 3364 tali
458 3301 612 3384 pollicita
640 3319 744 3382 posse
780 3303 900 3382 recipi,
931 3290 1019 3363 nihil
1047 3302 1270 3381 negligebant
1302 3303 1341 3363 ut
1383 3319 1487 3364 causa

363 3410 452 3471 bene
465 3407 670 3472 ‘succederet
685 3409 708 3470 1.
727 3408 862 3472 Scabini
877 3409 1030 3472 favorem
1048 3407 1181 3471 Domini
1191 3412 1209 3468 J
1213 3408 1367 3470 ocundiae
1379 3409 1487 3481 ducis,

364 3517 584 3583 Normanniae
609 3515 852 3594 gubernatoris
874 3515 932 3594 qui
954 3517 1077 3578 urbem
1100 3515 1303 3577 visitaturus
1317 3515 1488 3583 veniebat,
1511 3597 1517 3601 ⁸

366 3623 593 3701 quaeritabant
608 3622 631 3684 5.
653 3610 737 3684 Dein
766 3622 952 3685 Lisaureus
977 3623 1046 3684 tam
1073 3622 1130 3684 diu
1156 3623 1358 3702 expectatus
1383 3622 1492 3683 011110-
1565 3698 1568 3701 ,

298 3734 301 3740 ’
367 3746 460 3792 mum
479 3729 607 3792 iterum
626 3730 772 3808 augusto
788 3745 907 3791 mense
922 3729 1029 3791 venit.
1048 3729 1128 3790 Sine
1144 3729 1336 3801 dubionon
1351 3729 1491 3806 negotia
1560 3798 1571 3804 ,

367 3837 463 3898 urbis
496 3837 656 3909 confecit,
689 3837 727 3897 111
759 3836 925 3916 petebant
956 3836 1209 3914 gubernatores
1239 3835 1400 3909 scabini;
1432 3835 1492 3896 sed

368 3933 518 4008 11001101
544 3944 663 4005 saltem
694 3943 798 4005 alium
826 3960 865 4004 ac
896 3959 1016 4005 novam
1048 3942 1274 4021 quaestionem
1294 3958 1494 4005 successum

369 4050 488 4112 habuit
505 4032 516 4123 ;4
544 4049 802 4112 commissarius
818 4028 957 4111 [novum
983 4049 1120 4111 modum
1138 4049 1270 4110 terebat
1292 4049 1350 4127 qui
1375 4065 1497 4110 resur-

370 4157 517 4220 rectioni
536 4156 777 4218 Universitatis
793 4155 889 4218 favit.
913 4155 1057 4217 Litteris
1074 4155 1166 4217 enim
1181 4155 1354 4233 regalibus
1371 4155 1497 4216 licebat

370 4287 388 4321 1
405 4266 570 4347 acceptor
597 4281 639 4326 au
666 4280 746 4327 nom
773 4264 815 4326 de
836 4263 901 4325 lad.
923 4261 1123 4325 Universite
1147 4263 1242 4325 toutz
1257 4261 1354 4335 dous,
1372 4263 1446 4340 legs
1457 4263 1497 4323 ’91

372 4387 533 4434 omasnes
579 4371 636 4450 qui
683 4387 774 4450 pour
811 4369 1118 4432 l’entretenement
1159 4370 1194 4430 et
1235 4368 1494 4448 augmentation

421 4614 442 4660 1.
456 4609 537 4660 111011.
552 4627 645 4659 conant.
667 4610 709 4672 (R.
724 4609 816 4671 H.V.,
828 4625 849 4660 c.
866 4607 904 4671 23,
919 4608 952 4658 fos
971 4609 1022 4670 141,
1037 4608 1089 4669 154,
1106 4608 1168 4671 127,
1182 4607 1287 4669 01110
1301 4609 1349 4670 90.)

422 4701 443 4749 2.
461 4699 555 4751 Oratio
569 4699 697 4750 secunda.
711 4696 743 4747 J.
758 4697 871 4749 Ruaelii
884 4713 979 4762 opero,
994 4697 1047 4747 154.
1256 4708 1258 4711 ·

422 4791 448 4838 3.
467 4787 544 4838 Iota.
565 4790 636 4838 1116ΙῚ

422 4879 445 4926 4.
462 4876 538 4926 [bid.
557 4879 610 4926 257.

424 4967 446 5016 5.
458 4965 624 5016 Litterarum
638 4965 813 5029 peritissimos
824 4966 945 5026 orabant,
961 4964 1158 5027 Cahagnesium
1175 4968 1204 5014 et
1219 4954 1364 5016 Ruxelium
1375 4965 1505 5019 lectorem

377 5046 516 5112 publicum
531 5052 562 5097 ut
580 5045 699 5096 carmina
719 5061 802 5107 quum
817 5045 919 5109 gallica
942 5049 1000 5095 tum
1014 5044 1100 5094 latina
1121 5044 1241 5096 ederent
1256 5045 1347 5108 (Arch.
1365 5063 1455 5098 comm.
1472 5049 1504 5100 R.

380 5127 418 5176 H.
435 5125 478 5188 V.‚
494 5143 516 5176 c.
529 5127 567 5188 nl,
579 5126 603 5175 f⁰
613 5127 643 5188 1.)

1359 5209 1372 5251 7
