3950 5975
992 716 1161 781 ..22..

521 878 581 942 sed
602 877 732 955 regulae
751 877 916 939 clariores
942 878 1022 939 sunt
1038 895 1139 958 quam
1150 878 1185 941 in
1202 877 1339 941 statutis
1354 876 1551 940 veteribus:
1568 876 1640 941 «ad

520 982 791 1046 bacchalariatus
818 984 961 1061 gradum
994 984 1028 1045 in
1060 986 1168 1047 aliero
1194 985 1327 1060 jurium
1346 1000 1414 1047 non
1436 999 1514 1045 csse
1538 998 1639 1061 quem

521 1090 747 1160 evehendum,
767 1090 824 1168 qui
839 1107 904 1169 per
923 1090 1099 1164 biennium
1123 1092 1324 1153 continuum
1339 1090 1374 1151 in
1390 1106 1431 1151 eo
1443 1092 1536 1167 jure,
1551 1090 1638 1169 quod

519 1197 678 1276 profiteri
710 1197 893 1268 desiderat,
924 1197 958 1257 in
983 1198 1215 1259 Universitate
1247 1199 1371 1259 famata
1403 1213 1543 1276 operam
1571 1212 1638 1257 non

522 1303 665 1374 dederit,
684 1306 719 1365 et
734 1302 862 1381 judicio
877 1305 1007 1365 ordinis
1020 1306 1054 1367 et
1072 1305 1208 1383 collegii
1224 1307 1431 1385 approbatus
1444 1321 1511 1365 non
1523 1302 1636 1373 fuerit,

435 1420 442 1432 ‘
522 1427 586 1473 nec
619 1411 661 1471 ad
694 1410 843 1471 licentiae
877 1411 1020 1489 apicem,
1055 1412 1121 1473 nisi
1153 1430 1217 1491 per
1248 1412 1438 1473 trienninm
1466 1394 1649 1488 integrum
1692 1396 1697 1406 ’

523 1517 694 1579 studuerit
715 1534 734 1577 a
753 1517 891 1578 biennio
914 1518 1079 1597 praedicto
1105 1519 1381 1597 computandum,
1402 1518 1477 1579 eta
1502 1516 1641 1578 licentia

522 1624 563 1685 ad
582 1624 781 1685 doctoratus
802 1625 933 1701 apicem
955 1627 1210 1703 promoveatur,
1229 1626 1293 1685 nisi
1318 1622 1639 1703 prius,„astantibus

522 1729 556 1790 in
578 1714 739 1808 epitogiis
758 1731 885 1791 ceteris
910 1730 1119 1803 doctoribus,
1145 1732 1233 1793 lacta
1254 1750 1318 1810 per
1341 1749 1419 1795 eum
1437 1729 1640 1811 repetitione

524 1836 702 1917 solemni¹.
726 1859 739 1892 u
1364 1856 1365 1859 ’

554 1927 557 1931 ⁸
585 1944 628 2003 Ut
652 1945 767 2005 autem
800 1960 924 2004 novum
954 1945 1133 2006 decretum
1161 1946 1445 2023 persequeretur,
1478 1943 1640 2021 deputato

525 2049 633 2109 Curiae
663 2050 910 2127 providendum
946 2053 1021 2111 erat
1058 2069 1202 2114 numero
1237 2053 1416 2113 doctorum
1447 2050 1642 2127 regentium

524 2155 708 2234 implendo.
741 2157 875 2217 Etenim
900 2158 1027 2218 mortui
1051 2160 1150 2218 erant
1173 2158 1321 2236 qnidam.
1348 2158 1481 2235 egressi
1506 2157 1642 2219 fuerant

526 2262 595 2333 alii,
633 2278 744 2340 neque
778 2265 877 2323 erant
905 2265 982 2342 plus
1013 2282 1113 2341 quam
1143 2267 1216 2326 tros
1250 2265 1410 2326 doctores
1445 2264 1479 2324 in
1512 2263 1642 2340 jurium

526 2369 694 2446 collegio:
720 2368 890 2431 lohannes
912 2371 1053 2441 Gratidin,
1081 2374 1216 2433 Marcus
1243 2352 1362 2432 Comes
1389 2372 1424 2432 et
1453 2371 1575 2431 Petrus
1602 2370 1643 2430 do

526 2476 770 2547 Lesnauderie,
790 2493 935 2554 qnorum
951 2477 1082 2554 primus
1099 2478 1266 2547 officialis,
1290 2478 1416 2539 tertius
1436 2476 1643 2555 apostolicus

527 2582 701 2654 notarius;
722 2585 794 2643 tres
819 2599 938 2644 omnes
958 2601 1023 2661 per
1044 2602 1081 2645 se
1106 2585 1272 2645 lectiones
1289 2585 1403 2645 facere
1428 2582 1642 2655 nolebant²;

524 2692 607 2766 iam,
638 2705 727 2751 anno
750 2691 981 2768 praecedente,
1006 2691 1182 2752 substituti
1212 2690 1491 2768 designabantur,
1523 2690 1644 2768 quibus

528 2795 711 2873 deputatus
739 2796 847 2856 Curiae
883 2814 1027 2858 munera
1058 2798 1186 2859 iterum
1217 2797 1371 2859 tribuere
1401 2798 1555 2875 poterat,
1591 2797 1645 2857 rel

529 2917 635 2963 novos
654 2902 795 2980 eligere.
817 2904 951 2964 Certior
975 2906 1089 2965 autem
1115 2904 1224 2964 factus
1246 2904 1286 2964 de
1308 2905 1396 2964 hona
1410 2904 1567 2965 doctrina
1581 2920 1647 2982 qua

528 3009 583 3070 usi
599 3009 708 3080 erant,
722 3013 869 3088 quatuor
884 3011 941 3087 qui
952 3012 1110 3088 legerant
1125 3028 1213 3072 anno
1228 3011 1450 3089 praecedenti,
1468 3015 1513 3072 ΜΓ
1525 3013 1647 3072 Petrus

519 3116 714 3193 'Lalongny,
738 3116 912 3178 ,lohannes
937 3121 981 3177 Le
1004 3118 1131 3178 'lollier
1149 3118 1184 3178 in
1204 3121 1351 3195 utroque
1371 3121 1452 3195 jure
1469 3117 1646 3188 licentiati,

529 3221 720 3300 Stephanus
762 3226 864 3299 Patry
903 3224 937 3284 in
974 3224 1107 3301 legibus
1150 3224 1358 3298 licentiatus,
1388 3228 1422 3286 et
1462 3225 1648 3286 liutbertus

531 3327 698 3389 Gauvillet
725 3328 760 3388 in
792 3330 929 3391 decreto
969 3331 1165 3392 licentiatus
1193 3348 1199 3391 :
1231 3348 1351 3406 eorum
1384 3330 1649 3410 repetitionibus

530 3437 713 3514 postquam
747 3437 910 3508 adsuerit,
942 3438 1125 3515 deputatus
1156 3437 1263 3498 Curiae
1296 3454 1355 3498 eos
1386 3438 1420 3498 iu
1450 3437 1676 3514 muneribus

531 3541 687 3621 protulit,
702 3545 848 3620 excepto
868 3543 1022 3604 iohanne
1043 3547 1089 3605 Le
1104 3544 1242 3615 'Pellien
1260 3544 1351 3622 quie
1369 3544 1514 3606 Cadomo
1531 3545 1651 3605 abesse

532 3650 767 3710 declaraverat
780 3672 787 3723 3
809 3649 865 3710 cui
890 3651 1097 3712 substitutus
1117 3649 1182 3712 fuit
1196 3651 1237 3712 llr
1253 3650 1455 3713 Franciscns
1470 3652 1601 3721 Gabart,
1616 3649 1651 3710 in

532 3756 681 3834 utroque
692 3758 773 3833 jnre
784 3755 992 3817 licentiatus.

592 3862 658 3924 Sed
685 3862 805 3924 horum
835 3863 1101 3925 substitutorum
1131 3864 1244 3925 nullus
1280 3864 1402 3925 doctor
1426 3866 1510 3925 erat.
1544 3865 1652 3932 Curiae

534 3968 715 4047 deputatus
743 3969 1008 4048 repetitionibus
1038 3970 1247 4032 solemnibus
1274 3970 1408 4032 adsistit
1444 3989 1520 4049 quae
1550 3971 1653 4033 studii

533 4223 598 4258 vero
621 4208 738 4270 pertinet
759 4209 810 4259 hoc
832 4213 993 4260 statutum?
1015 4209 1168 4260 Nescimus.
1199 4209 1303 4260 Forsan
1333 4210 1484 4274 ingressum
1506 4211 1654 4262 studiorum

533 4286 650 4338 lustrare
675 4289 784 4338 volebat
813 4290 916 4350 Curia3
946 4291 1039 4340 forsan
1068 4296 1159 4340 autern
1192 4290 1364 4354 cogitabatur
1388 4290 1433 4352 ita,
1461 4291 1655 4341 exercitatione

534 4366 665 4429 imposita,
682 4368 819 4418 doctorum
835 4370 984 4432 regentium
998 4387 1052 4421 non
1066 4369 1213 4420 hebescere
1227 4370 1383 4433 doctrinam,
1396 4387 1447 4421 nec
1462 4371 1489 4420 in
1503 4371 1655 4433 lectionem,

533 4451 565 4495 ut
585 4462 642 4496 mos
665 4447 763 4510 saepius
790 4454 855 4509 erat,
881 4456 987 4499 vertero
1003 4467 1008 4509 3
1026 4452 1117 4500 forsan
1148 4450 1229 4500 etiam
1253 4450 1349 4501 offerre
1375 4451 1485 4502 volebat
1510 4451 1656 4522 professori

533 4525 692 4577 facultatem
709 4528 828 4578 enitendi
845 4544 926 4590 quum
941 4524 1128 4579 conclusiones
1148 4546 1210 4580 suas
1226 4531 1376 4596 disputaret
1393 4548 1454 4581 cum
1476 4531 1656 4582 bacclialnriis

534 4612 562 4657 et
573 4606 719 4656 licentiatis
732 4623 961 4670 quorumcumque
975 4609 1197 4660 Universitatum.

581 4696 603 4744 l.
619 4695 681 4746 Non
699 4696 851 4746 abolevisse
868 4703 959 4747 autem
971 4697 1078 4747 Curiam
1094 4699 1160 4748 dixit
1173 4699 1284 4761 Cauvet,
1298 4717 1340 4764 op.
1355 4701 1414 4762 cit,
1428 4717 1453 4764 p.
1469 4702 1507 4762 51,
1525 4701 1657 4752 lectiones

534 4775 759 4825 extraordinarias
775 4791 836 4838 qnae
851 4777 986 4827 faciendae
1000 4783 1079 4827 erant
1091 4778 1238 4828 licentiatis
1253 4785 1399 4842 antequam
1415 4781 1539 4850 doctores
1557 4787 1656 4832 essent.

533 4855 576 4905 De
588 4853 640 4904 hac
654 4871 683 4905 re
696 4871 749 4905 non
766 4857 824 4917 agit
839 4856 984 4918 decretum,
997 4873 1047 4907 nec
1063 4863 1093 4907 ut
1108 4873 1168 4908 eam
1180 4858 1327 4922 confirmat,
1337 4877 1388 4911 nec
1401 4866 1431 4910 ut
1446 4860 1563 4911 aboleat.

581 4944 603 4992 2.
615 4926 724 4993 ¹Minuta
735 4944 768 4993 de
781 4944 956 4996 l’exdcutoire
974 4945 1008 4996 dc
1022 4946 1114 4997 l'arrdt
1129 4946 1162 4996 de
1177 4947 1361 5011 rdforination.
1374 4948 1463 5011 (Arcti.
1481 4948 1563 5012 Uala,
1577 4949 1611 4998 D.
1619 4951 1657 5012 47,

535 5023 573 5073 ed.
591 5025 685 5085 Benet,
697 5024 718 5081 Ι,
731 5025 779 5087 75.)
