3950 5975
2697 167 2813 195 'um‘
2851 171 2867 181 '‘-

1453 1148 1615 1214 QUA
1626 1149 1863 1210 RTUM
1913 1150 2182 1212 CAPUT

986 1371 1525 1420 REFORMATIONIS
1569 1374 2081 1424 UNIVERSITATIS
2124 1377 2618 1430 PROLEGOMENA

1193 1480 1501 1527 CADOMUS
1545 1481 1683 1529 CUM
1726 1482 2135 1530 ROTHOMAGO
2179 1485 2431 1532 CERTAT

2016 1727 2034 1746 ι
2054 1713 2082 1752 Ο
2101 1715 2318 1761 cadomus».
2335 1718 2378 1753 tu
2406 1715 2631 1755 neustriae!
2648 1716 2722 1755 Cor
2737 1718 2862 1763 orbis.
2890 1727 2934 1755 ιιι

2016 1774 2168 1821 Ingens
2192 1776 2441 1822 Rotomagus
2465 1779 2602 1823 caput.
2634 1791 2653 1810 ι

2135 1854 2347 1917 cadomus,
2375 1857 2416 1893 ln
2433 1856 2524 1893 Ant.
2548 1856 2690 1904 Halley
2713 1859 2914 1905 opuscula]
2934 1891 2938 1895 .

2221 1926 2261 1963 p.
2290 1919 2323 1955 ι.

680 2113 722 2164 Ῑ.
760 2112 1028 2163 Blesense
1063 2110 1324 2162 edictum.
1359 2140 1412 2147 —
1441 2112 1511 2163 11.
1533 2111 1812 2179 Principia
1845 2112 2286 2175 restaurationiS,
2318 2114 2455 2164 1579.
2487 2140 2543 2150 -
2578 2113 2677 2165 ΙΠ.
2712 2115 2922 2165 Rothm-

771 2207 972 2256 magus
1026 2192 1419 2256 Cadomusquc
1468 2196 1697 2243 certant.
1755 2221 1817 2229 —
1872 2194 1977 2244 IV.
2039 2194 2162 2244 ¹583
2218 2207 2366 2244 anno
2415 2194 2652 2258 quaestio
2705 2194 2850 2245 facta
2894 2215 2922 2243 :i

661 2279 676 2283 ’
769 2273 1115 2342 Parlamenti
1145 2272 1615 2336 Rothomagensis
1640 2273 1936 2338 deputatis,

1782 2508 1811 2566 I

789 2734 1194 2796 Nesciverat
1243 2735 1669 2797 Universitas
1707 2737 1814 2797 vel
1857 2735 2289 2814 nequiverat,
2340 2735 2715 2813 suppositis
2747 2740 2906 2813 ejus

666 2840 1176 2903 institutionem
1239 2839 1630 2904 clericalem
1683 2843 2007 2920 frangere
2063 2858 2200 2903 non
2254 2841 2681 2914 audentibuS‚
2736 2847 2906 2904 Aca-

667 2947 891 3010 demia
934 2947 1489 3011 Reformatorum
1520 2947 1696 3012 fieri.
1731 2950 1866 3012 Sua
1893 2948 1959 3009 vi
2006 2965 2143 3011 non
2172 2948 2497 3028 potuerat
2537 2965 2902 3028 resurgam}

664 3057 781 3115 aut
829 3054 1215 3118 reformari.
1267 3055 1343 3115 Ei
1397 3072 1569 3134 opus
1618 3055 1747 3118 fuit
1792 3056 2155 3134 superiore
2205 3055 2293 3128 vi,
2346 3056 2656 3134 generali
2713 3060 2898 3118 moin

659 3161 799 3240 qui·
832 3178 984 3224 eam
1041 3161 1428 3237 inveheret,
1494 3164 1565 3224 ut
1622 3162 2017 3225 clericalem
2079 3165 2149 3225 et
2206 3161 2554 3241 antiquam
2612 3162 2894 3225 formam

661 3286 850 3331 suam
881 3269 1297 3330 resumeret.

776 3375 868 3437 De
902 3375 1109 3437 lentis
1138 3374 1499 3454 principiis
1547 3375 1754 3452 hujus
1800 3375 2361 3447 resurrectionis,
2414 3374 2606 3442 Urbs,
2660 3376 2898 3436 Parlaw

654 3483 962 3544 mentum
992 3481 1422 3560 Rotho'magi,
1455 3482 1687 3544 Trium
1732 3482 2059 3578 ordinum
2084 3481 2469 3561 «provinciae
2504 3481 2890 3552 Conventus

653 3590 920 3667 partem
959 3605 1114 3651 cum
1155 3588 1622 3651 Universitate
1662 3590 2023 3668 ceperunt,
2068 3585 2263 3649 multi
2305 3589 2532 3664 aulici,
2565 3588 2890 3666 urbisque.-

654 3694 988 3767 officiarii‚
1033 3694 1379 3774 Regisque
1421 3694 1798 3797 ¹consiliarii
1835 3695 2271 3774 professores
2306 3696 2423 3758 aut
2450 3696 2670 3774 poetae
2711 3695 2781 3756 in
2813 3712 2890 3756 en

649 3817 1017 3880 personam
1051 3803 1518 3880 sumpserunt,
1561 3800 1893 3864 honorem
1935 3801 2364 3881 gloriamque
2396 3800 2660 3884 sibiita
2689 3804 2890 3879 proii-

648 3909 900 3969 tentes.
949 3907 1434 3969 Universitatis
1492 3907 1708 3988 igitur
1764 3908 2137 3986 registeria
2204 3910 2275 3970 et
2347 3907 2550 3969 Urbis
2624 3907 2882 3968 confer.

647 4014 886 4092 eisque
943 4014 1314 4076 lectionem
1390 4031 1678 4094 operum
1734 4013 2124 4094 Valquelini
2182 4013 2521 4085 Fraxinei,
2587 4014 2878 4076 Ruxelii.

645 4117 1049 4199 Cahagnesii
1069 4121 1239 4183 adde
1266 4138 1280 4194 ;
1316 4138 1479 4183 cave
1508 4122 1731 4184 autem
1758 4137 1845 4183 ne
1873 4124 2095 4198 majus
2119 4122 2544 4183 momentum
2571 4121 2878 4198 praebeas

640 4226 746 4288 his
811 4226 1278 4306 peculiaribus
1349 4226 1756 4300 actionibuS,
1834 4228 2139 4306 quamvis
2214 4227 2502 4289 sincerae
2563 4226 2874 4296 fuissent„

533 4386 539 4393 .
642 4334 1208 4412 quantascunque
1250 4333 1486 4396 laudes
1535 4335 1981 4395 mererentur
2023 4334 2094 4394 hi
2126 4334 2242 4412 qui
2271 4334 2530 4396 tantam
2573 4349 2874 4411 operam*

637 4441 906 4502 tantum
942 4426 1321 4518 ingenium,
1371 4440 1692 4520 peritiam
1733 4441 2223 4519 solertiamque
2268 4457 2401 4519 qua
2435 4439 2874 4518 Valquelmus

632 4546 1094 4626 praecellebat,
1133 4547 1634 4626 expenderunt.
1673 4547 2047 4608 Historiam
2079 4547 2351 4625 quidem
2394 4545 2874 4606 Universitatis

635 4669 721 4715 ne
744 4653 1118 4717 confundas
1139 4671 1293 4715 cum
1317 4671 1403 4716 ex
1417 4653 1522 4714 his
1540 4654 1857 4733 personis
1879 4653 2203 4732 qualibet.
2223 4656 2381 4730 Ejus
2401 4653 2631 4713 autem
2644 4668 2874 4713 resur-

639 4761 880 4832 rectio,
923 4761 1366 4836 restauratio,
1417 4762 1493 4822 ut
1543 4761 1793 4840 saepius
1837 4760 2094 4822 dictum
2142 4761 2270 4833 est,
2321 4758 2748 4830 reformatiO,
2792 4764 2870 4820 ἰη

627 4866 886 4942 justius
920 4867 1128 4939 diceS‚
1162 4884 1323 4946 pars
1356 4867 1482 4929 fuit
1512 4867 1858 4945 generalis
1882 4868 2131 4937 motus
2158 4867 2274 4945 qui
2297 4868 2564 4927 ceteras
2592 4864 2874 4926 Univer-

634 4972 875 5035 sitates
893 4974 1062 5035 tunc
1081 4973 1389 5047 involvit,
1415 4989 1452 5036 e
1477 4973 1670 5053 regia
1682 4973 2028 5054 potestate
2050 4974 2442 5055 propulsus,
2478 4969 2870 5034 Monarchia
