3950 5975
1979 692 2056 701 ...
2110 656 2150 718 8
2205 692 2282 700 .-

1004 822 1165 880 sunt
1237 818 1313 880 ut
1382 816 1808 880 Universitas
1885 817 2287 897 deputatum
2373 819 2877 899 Rothomagum
2961 837 3233 901 qunque

1004 924 1337 997 mitteret,
1371 917 1553 1003 quod
1586 924 1733 985 sine
1761 925 1900 986 ullo
1944 922 2195 987 effectu
2238 924 2493 987 sactum
2525 928 2632 989 est
2661 927 2702 989 ¹.

1125 1030 1568 1104 UniversitaS,
1603 1048 1757 1093 cum
1797 1031 2047 1111 oppido
2093 1031 2477 1105 conciliata,
2529 1034 2760 1096 statim
2810 1052 2849 1096 a
2901 1053 3061 1113 rege
3093 1037 3241 1113 ipsu

1008 1139 1079 1201 et
1106 1121 1433 1218 pontifice
1465 1155 1732 1200 summo
1780 1138 1947 1200 laesa
1979 1137 2107 1201 fuit
2142 1165 2153 1198 z
2204 1156 2241 1201 e
2273 1138 2473 1201 bellis
2525 1139 2710 1203 enim
2762 1141 3017 1205 Italicis
3065 1145 3241 1221 [quis

1010 1261 1146 1307 non
1216 1243 1511 1308 miretur
1541 1248 1580 1319 l)
1653 1245 2051 1307 laboratura
2117 1246 2290 1307 erat.
2365 1249 2559 1309 Anno
2629 1247 2805 1321 1482,
2878 1265 3237 1329 supremus

1009 1352 1322 1431 pontifex
1362 1350 1697 1413 decimam
1754 1352 2066 1415 ecclesiae
2114 1351 2244 1415 toti
2299 1353 2651 1431 gallicanae
2719 1354 3069 1434 imposuit,
3133 1357 3241 1417 nui

1013 1463 1161 1521 Rex
1238 1459 1689 1521 consenserat
1754 1458 2055 1521 libenter
2115 1460 2377 1522 duabus
2447 1459 2758 1539 partibus
2831 1461 3110 1525 decima:
3181 1465 3245 1525 ni

1014 1564 1411 1640 reservatiS‚
1443 1583 1597 1646 quae
1629 1565 1926 1644 negotiis
1971 1566 2168 1645 regni
2210 1566 2734 1645 suppeditarent
2763 1568 2815 1629 2.
2877 1569 3241 1629 Cardinalis

1015 1673 1579 1752 archiepiscopus
1653 1672 2130 1751 Lugdunensis
2189 1674 2259 1735 et
2334 1672 2675 1754 Albiensis
2737 1675 3101 1754 episnnpus
3177 1681 3249 1737 ut

1016 1780 1350 1843 decimam
1397 1780 1711 1842 levarent
1758 1779 2123 1858 designati,
2174 1780 2245 1840 in
2307 1780 2844 1860 Rothomagensi
2905 1785 3253 1861 pruvincia

1017 1887 1504 1965 delegaverant
1535 1886 2132 1965 archiepiscopum
2183 1886 2412 1965 ipsum
2461 1889 2530 1950 et
2574 1888 2981 1967 magistrum
3009 1889 3253 1953 johan*

1021 2012 1180 2057 nem
1240 1993 1589 2064 Masselin,
1664 1992 2238 2072 Rothomagensis
2323 1994 2636 2056 ecclesiae
2706 1996 3061 2058 decanum.
3137 2001 3253 2065 Qui

1023 2102 1269 2165 autem·
1312 2100 1604 2163 clericos
1675 2100 1957 2162 decimae
2033 2100 2537 2163 infensissimos
2613 2102 3077 2177 invenerunt3
3121 2109 3257 2165 Rex

1022 2224 1189 2271 vero
1238 2209 1406 2271 tunc
1455 2206 2086 2270 commissariorum
2123 2210 2371 2285 juvare
2430 2210 2718 2271 conatus
2769 2213 3009 2281 voluit,
3061 2213 3261 2289 atque

1025 2315 1343 2377 mandato
1386 2315 1467 2376 ad
1511 2331 1832 2393 magnum
1875 2316 2348 2377 senescalcum
2403 2316 2865 2393 Normanniae‚
2929 2321 3261 2389 baillivus,

1029 2421 1461 2501 Rothomagi,
1491 2422 1902 2495 caletorum,
1946 2421 2387 2483 cadomensis
2428 2422 2664 2496 misso,
2708 2423 2969 2487 incolas¹
3005 2425 3269 2485 monuit

1028 2530 1347 2607 Anglicos
1378 2543 1825 2591 numerosum
1872 2529 2261 2591 exercitum
2303 2546 2756 2608 congregare,
2802 2533 2877 2593 ut
2921 2537 3266 2593 Nnrman-

1030 2636 1214 2698 niam
1262 2635 1667 2699 invaderent
1695 2636 1741 2697 3.
1805 2639 1946 2705 Quo
2008 2636 2209 2699 modo
2282 2653 2408 2699 rex
2468 2638 2893 2701 memorabat
2953 2641 3265 2717 tempera

1032 2743 1424 2806 miserrima
1462 2744 1604 2805 tam
1652 2743 1885 2822 gravia
1921 2743 2338 2805 Normannis
2365 2742 2409 2804 ⁶.
2459 2748 2606 2806 Rex
2649 2743 2865 2823 igitur
2913 2745 3273 2825 delegabat

1034 2867 1285 2913 novum
1318 2850 1866 2913 commissarium
1888 2850 1956 2911 in
1979 2849 2402 2929 provinciam
2428 2850 2508 2911 ad
2536 2851 2869 2914 decimam
2893 2853 3269 2926 levandam,

1036 2958 1436 3039 episcopum
1474 2958 2041 3031 cabillonensem,
2077 2973 2281 3036 quem
2319 2960 2566 3035 juvare
2609 2958 2945 3022 debebant
2981 2962 3261 3022 baillivi.

1168 3066 1595 3128 Universitas
1629 3067 1884 3135 tamen,
1925 3064 2306 3144 privilegiis
2353 3065 2495 3127 suis
2540 3065 2897 3138 invocatis,
2941 3070 3273 3130 desimam

1028 3177 1403 3238 exsolvere
1454 3173 1754 3250 negavit,
1795 3174 1867 3234 et
1907 3173 2161 3234 bellum
2194 3171 2390 3233 inivit
2441 3190 2596 3234 cum
2631 3173 2953 3254 episcopi]
3001 3174 3281 3238 Cabillo-

1041 3282 1241 3345 nensi
1266 3283 1335 3344 et
1366 3281 1593 3342 locum
1621 3280 1906 3341 tenente
1937 3279 2215 3351 baillivi,
2254 3279 2494 3341 Girard
2526 3283 2821 3343 Bureau.
2877 3282 2997 3342 Ille
3049 3282 3277 3342 autem

1038 3394 1411 3472 personam
1441 3388 1783 3450 difficilem
1819 3387 2103 3466 agebat:
2149 3404 2327 3459 nam,
2365 3388 2434 3448 ut
2485 3387 2764 3466 quidem
2805 3388 3281 3454 manutenens

1042 3499 1317 3573 baillivi,
1377 3497 1826 3561 conservator
1898 3495 2150 3573 regalis
2211 3494 2733 3575 privilegiorum
2796 3494 3281 3558 Universitatis

1046 3609 1218 3681 erat,
1254 3607 1324 3669 et
1354 3623 1505 3668 eam
1533 3603 1721 3666 tueri
1752 3603 2041 3665 debebat
2066 3600 2119 3661 5.

1165 3713 1539 3793 Episcopus
1569 3709 2058 3773 cabillonensis
2093 3707 3117 3788 suppositosssexcommumicavit
3149 3713 3285 3770 ter-

1046 3823 1145 3885 tia
1197 3818 1522 3883 februarii
1570 3818 1677 3879 die
1739 3815 1979 3889 149263
2051 3817 2170 3879 sed
2208 3816 2735 3878 conservatores
2801 3818 3277 3890 ecclesiastici,

1113 4047 1156 4094 1.
1186 4045 1497 4101 Bourmont,
1528 4041 1604 4089 57.
1634 4037 1709 4089 Cf.
1742 4037 1922 4088 Concl.
1954 4052 1992 4100 1,
2023 4037 2064 4086 f⁰
2097 4036 2318 4099 ¹25-126,
2345 4051 2479 4099 quas
2508 4036 2563 4086 in
2588 4035 2823 4101 append.
2849 4038 3061 4086 danius,

1111 4128 1156 4175 2.
1185 4121 1402 4174 Recueil
1426 4120 1515 4170 cles
1548 4118 1915 4169 ordonnances
1949 4117 2038 4167 des
2071 4117 2185 4166 rois
2213 4116 2277 4167 de
2305 4117 2532 4179 France,
2563 4117 2681 4178 XX,
2711 4133 2760 4180 p.
2784 4120 2893 4178 313,
2921 4126 3029 4166 unt.
3065 4122 3105 4166 1.

1111 4208 1157 4255 3.
1192 4219 1217 4252 «
1253 4203 1447 4254 Donne
1476 4204 1511 4250 a
1533 4199 1757 4255 Montilz
1781 4199 1863 4248 les
1887 4198 2079 4259 TourS,
2109 4197 2163 4248 le
2187 4199 2240 4247 8³
2258 4199 2384 4262 jour
2419 4197 2692 4248 d'octobre
2724 4197 2836 4247 l'an
2869 4198 2933 4246 {ln
2961 4210 3129 4262 graue·
3161 4202 3289 4258 1453,

1051 4293 1107 4338 et
1136 4285 1203 4336 de
1230 4289 1386 4334 notre
1414 4285 1585 4345 regne
1608 4281 1661 4331 le
1691 4279 1943 4329 dixieme.
1985 4294 2010 4327 ))
2037 4277 2283 4341 (Matr-ol,
2306 4278 2351 4327 f„-
2378 4279 2485 4339 305,
2521 4277 2599 4327 ecl.
2634 4278 2824 4339 Benet,
2849 4294 2885 4338 Ι,
2921 4278 3053 4338 maj.

1113 4369 1159 4416 4.
1193 4364 1506 4416 Notandum
1530 4366 1615 4412 est
1656 4359 1839 4411 forsan
1881 4359 2091 4421 Regem
2141 4374 2174 4408 a
2210 4358 2348 4422 julio
2390 4373 2574 4408 mense
2629 4373 2749 4407 cum
2790 4357 3033 4422 Anglissis
3069 4358 3291 4422 negotia

1051 4453 1290 4500 tractare
1315 4463 1327 4508 3
1355 4442 1668 4494 mandatum
1697 4441 1814 4504 ejus
1849 4439 2036 4489 datum
2063 4438 2166 4487 fuit
2200 4444 2396 4489 octava
2425 4438 2511 4488 die
2541 4438 2776 4488 octobris
2803 4446 2857 4488 et
2885 4438 3045 4490 tertia
3077 4446 3293 4490 nurem-

1052 4529 1163 4580 bris
1200 4524 1377 4576 foedus
1412 4515 1583 4573 inibat
1622 4521 1943 4584 Staplorum.
1979 4519 2063 4569 De
2103 4518 2267 4568 Italia
2291 4518 2434 4569 enim
2460 4518 2762 4582 praesertim
2796 4518 3021 4568 curabat
3049 4518 3289 4578 Carolus,

1054 4614 1110 4660 et
1139 4607 1362 4659 decimae
1403 4607 1587 4668 partes
1635 4605 1927 4652 reservatae
1966 4599 2150 4650 forsan
2199 4599 2488 4662 pecuniam
2533 4597 2770 4649 Henrico
2808 4597 2945 4649 VIII
2993 4598 3289 4662 pollicitam

1055 4689 1417 4740 exsolverunt.
1443 4684 1520 4736 cf.
1549 4681 1877 4743 Delaborde,
1914 4678 2295 4743 L’expcclition
2333 4678 2405 4728 du
2447 4679 2537 4728 roi
2569 4677 2794 4729 Charles
2835 4678 2985 4730 Vm
3017 4694 3077 4726 m
3113 4678 3289 4730 Italis.

1053 4768 1226 4830 PariS,
1256 4768 1399 4818 1888.
1753 4802 1761 4806 -

1116 4851 1161 4899 5.
1196 4863 1221 4897 «
1260 4848 1345 4898 La
1385 4845 1545 4897 tache
1590 4843 1657 4894 de
1700 4845 2086 4893 conservatam·
2113 4840 2270 4903 royal
2310 4844 2394 4890 est
2396 4877 2555 4901 ......
2597 4840 2776 4903 plutct
2819 4856 2925 4890 une
2969 4838 3169 4902 charge
3221 4838 3289 4890 du

1056 4929 1346 4981 defenseur
1370 4927 1534 4990 qu’un
1557 4924 1673 4975 role
1697 4916 1764 4973 de
1786 4923 1937 4986 juge.
1961 4940 1984 4965 »
2016 4921 2325 4982 Bourmont‚
2365 4922 2441 4970 89.

1116 5012 1162 5060 6.
1193 5007 1447 5070 Matrol.,
1482 5005 1523 5055 f⁰
1546 5007 1653 5068 3-10,
1678 5002 1790 5054 ind.
1814 5000 2006 5063 Benet,
2030 5017 2066 5062 1,
2094 5003 2207 5052 493.
