3950 5975
1053 800 1225 863 ..30-

576 956 771 1037 presentoit
800 957 860 1019 des
887 958 1047 1029 11666616
1078 971 1210 1021 comme
1236 958 1351 1020 estant
1371 955 1491 1019 lesdits
1514 958 1699 1019 Escollie'rs

578 1066 677 1127 iaicts
690 1064 858 1127 Docteurs
875 1066 911 1126 et
925 1052 1086 1127 maistres
1098 1083 1165 1127 aux
1179 1066 1269 1137 Art-s,
1282 1088 1300 1121 s
1317 1067 1375 1127 aut
1390 1065 1426 1127 iu
1442 1064 1516 1127 aliis
1539 1066 1700 1127 Faculta-

576 1171 669 1234 tibus
698 1170 811 1232 studia
832 1172 1144 1250 prosequebantur,
1172 1174 1231 1233 ant
1252 1170 1287 1232 iu
1316 1171 1480 1234 facultate
1506 1171 1638 1233 Artium
1662 1173 1700 1233 et

577 1279 611 1339 in
627 1281 702 1354 ejus
721 1277 916 1339 numerosis
932 1278 1087 1355 collegiis
1103 1279 1281 1341 docebant.
1301 1302 1319 1335 c
1339 1279 1411 1355 J'ay
1441 1278 1620 1350 memmae,
1649 1277 1699 1339 ait

576 1385 685 1446 adhuc
700 1385 742 1446 de
753 1388 848 1446 Bras.
870 1401 949 1463 quc,
963 1386 1078 1446 audict
1093 1390 1215 1463 temps,
1228 1403 1249 1461 y
1265 1384 1356 1447 avoit
1371 1385 1478 1463 grand
1497 1386 1639 1446 nombre
1654 1386 1698 1446 (16

575 1492 726 1568 collegas
756 1499 789 1553 et
818 1491 861 1552 de
890 1508 975 1569 gens
1004 1509 1156 1567 scarane.
1191 1492 1341 1571 lesquels
1377 1490 1635 1568 instruysoyent
1664 1492 1698 1552 la

569 1601 735 1674 jeuoesse
751 1616 794 1661 eo
810 1601 926 1660 tontes
942 1599 1104 1660 facultaz:
1123 1599 1276 1660 assavoir
1296 1616 1363 1661 aux
1378 1599 1529 1678 colleges
1544 1602 1588 1661 du
1603 1600 1694 1671 Bois,

573 1706 633 1767 des
661 1707 751 1778 Acts
774 1707 895 1774 Bouet,
925 1704 969 1765 du
1000 1706 1104 1775 Mout
1122 1722 1169 1765 au
1190 1705 1319 1767 certior
1339 1706 1380 1767 (16
1408 1706 1625 1768 l'Universite
1639 1729 1644 1779 3
1660 1708 1694 1767 le

571 1812 733 1883 Gloutien
749 1816 897 1889 Avoyue,
916 1812 1009 1874 etde
1025 1813 1057 1873 la
1068 1815 1249 1874 Gouronne
1263 1816 1345 1891 pres
1362 1814 1471 1875 sainct
1485 1818 1503 1873 J
1507 1831 1570 1877 ean
1580 1814 1598 1873 ¹.
1615 1836 1632 1870 »

632 1897 680 1979 Ex
691 1919 745 1979 his
757 1919 912 1997 collegiis
925 1936 1030 1980 nuum
1042 1918 1275 1997 hoctempore
1291 1921 1326 1982 et
1336 1920 1557 1999 perprimam
1570 1921 1694 1983 medie·

573 2025 1693 2105 tatemsaeculipraestautissimumluissevideturquodsylvanum

571 2130 790 2205 dicebatur23
807 2149 825 2194 6
842 2149 908 2211 qno
929 2132 1019 2194 euim
1046 2122 1115 2193 orti
1131 2134 1211 2193 suut
1232 2134 1351 2213 plures
1375 2134 1468 2195 inter
1483 2134 1692 2195 clarissimos

571 2242 788 2320 professores
804 2240 862 2319 qui
877 2242 960 2301 tunc
985 2240 1254 2302 Universitatem
1280 2242 1494 2303 lustrarunt:
1520 2241 1693 2306 lohannes

571 2346 699 2425 Rogier
715 2347 751 2407 in
775 2347 954 2409 medicinae
969 2347 1132 2409 facultate
1143 2347 1333 2426 professor,
1353 2348 1554 2410 Guillelmus
1574 2348 1691 2415 Baius,
1731 2332 1734 2338 ’

569 2454 752 2531 theologus
768 2454 1008 2515 doctissimus:
1029 2453 1076 2514 ibi
1093 2454 1286 2515 docuerunt
1303 2458 1348 2515 Μ’
1373 2456 1496 2517 Petrus
1522 2455 1563 2515 de
1582 2454 1691 2515 Pratis

570 2561 605 2621 et
639 2559 839 2621 Guillelmus
876 2560 1082 2635 Monachus,·
1124 2560 1343 2622 celeberrimi
1381 2558 1690 2637 documenque

570 2666 711 2728 fuerunt
748 2666 957 2746 principales
978 2666 1044 2728 hoc
1067 2669 1226 2745 tempore
1259 2666 1467 2745 Regiualdus
1503 2666 1711 2741 Marcianus„

569 2775 709 2835 curatus
726 2773 767 2834 de
779 2777 969 2851 (treuguas,
980 2774 1059 2851 post
1076 2773 1178 2835 David
1191 2776 1208 2833 J
1213 2772 1327 2835 errius
1343 2773 1559 2835 Condetauns
1571 2773 1691 2835 Subri-

567 2880 692 2951 moena,
706 2880 827 2941 doctus
840 2879 1096 2957 gramumticuS,
1110 2878 1187 2967 dein
1201 2879 1688 2969 famosusMichaelisNatalis

566 2984 688 3049 deiude
726 2987 933 3065 Regiualdus
964 2986 1143 3048 Heraldus.
1173 2987 1267 3055 ouod
1297 2986 1480 3065 collegium
1517 2986 1582 3049 luit
1616 2987 1690 3048 siue

565 3095 678 3166 dubie,
695 3093 1202 3156 Renovationiscunabulumio
1223 3094 1454 3156 Universitate
1477 3094 1676 3156 Oadomensi

565 3205 637 3262 Hoc
662 3218 784 3263 recens
810 3201 994 3278 collegium
1022 3201 1068 3262 ita
1092 3201 1264 3262 laudatum
1292 3202 1345 3263 est
1368 3218 1388 3261 a
1414 3201 1454 3262 de
1480 3204 1582 3262 Bras:
1608 3223 1624 3257 «
1649 3203 1688 3261 ut

564 3308 685 3386 depuis
697 3325 734 3369 es
747 3294 874 3369 auuees
887 3307 944 3368 mil
955 3308 1033 3386 cinq
1045 3316 1139 3368 cents
1155 3307 1212 3367 dix
1224 3309 1311 3386 sept,
1323 3307 1376 3368 dix
1387 3307 1483 3368 huict
1494 3308 1528 3368 et
1539 3307 1593 3368 dix
1604 3308 1689 3368 neul

558 3417 596 3491 je
615 3415 801 3489 contiuuay
816 3431 888 3476 mes
901 3415 1040 3476 estudes
1059 3415 1099 3474 de
1117 3414 1323 3491 grammaire
1338 3431 1380 3474 au
1396 3414 1529 3492 college
1546 3415 1588 3476 du
1611 3413 1689 3475 Bois

564 3521 691 3600 duquel
717 3519 819 3583 estoit
842 3521 1012 3598 priucipal
1034 3520 1174 3581 maistre
1200 3521 1362 3598 Reguaud
1391 3520 1583 3594 blaxienne
1606 3523 1687 3582 cure

560 3631 601 3691 (16
617 3633 794 3705 Greugues
811 3629 844 3688 61
856 3627 976 3705 depuis
992 3627 1160 3688 chanoine
1174 3643 1216 3687 au
1227 3626 1427 3704 sepulchre.
1438 3627 1463 3686 ll
1480 3627 1572 3688 avoit
1586 3629 1686 3688 soubz

560 3737 618 3813 luy
635 3736 676 3796 de
700 3735 824 3795 Doctes
850 3736 1011 3811 regents:
1039 3733 1193 3794 assaroir
1216 3731 1357 3794 maistre
1380 3733 1500 3795 Pierre
1517 3736 1682 3811 -Despres,

560 3843 756 3904 autrement
786 3839 827 3901 de
857 3841 980 3909 pratis,
1006 3841 1050 3900 du
1075 3826 1200 3917 village
1229 3840 1270 3900 de
1296 3839 1453 3911 Manliae,
1480 3839 1618 3900 diocese
1644 3840 1683 3900 de

557 3949 708 4022 Lisieux,
725 3948 840 4026 lequel
856 3946 905 4007 lut
922 3947 1043 4024 depuis
1060 3947 1205 4007 docteur
1221 3963 1263 4008 en
1279 3945 1465 4023 Theolcgie
1482 3927 1516 4006 61
1533 3945 1562 4005 si
1578 3946 1685 4023 grand

557 4055 788 4126 Predicateur,
814 4070 880 4132 que
910 4053 965 4114 feu
997 4052 1175 4113 Monsieur
1204 4052 1246 4114 de
1275 4051 1425 4125 11616611,
1460 4049 1615 4114 Cardinal
1652 4053 1683 4112 le

555 4167 705 4238 Veneur,
718 4162 750 4222 le
766 4161 822 4221 fist
839 4177 900 4222 sou
912 4160 1020 4237 grand
1035 4153 1277 4230 vicaire,'lean
1288 4159 1423 4220 Goubez
1439 4159 1480 4220 de
1496 4159 1530 4218 la
1544 4157 1685 4252 1111616,Ὶ

604 4413 625 4460 1.
641 4427 676 4460 nu
689 4411 768 4467 Boas,
784 4426 827 4472 op.
840 4408 892 4468 cit,
909 4407 963 4456 337.
978 4408 1002 4456 E
1018 4406 1115 4470 quibus
1125 4412 1240 4469 quatuor
1250 4407 1336 4457 solum
1345 4405 1531 4469 persaeculum
1542 4405 1676 4456 duravere

556 4507 568 4539 r
587 4491 623 4541 du
640 4491 711 4551 Bois,
723 4491 774 4540 des
791 4489 863 4549 Arts,
885 4488 920 4537 du
941 4489 1019 4548 Mont
1038 4492 1071 4538 61
1087 4487 1123 4536 du
1136 4487 1264 4536 Clontier.
1280 4503 1293 4535 u
1309 4487 1460 4549 Collegium
1480 4486 1575 4546 Bcueb
1592 4485 1680 4537 medio

554 4572 663 4631 saeculo,
680 4570 798 4633 Sylvauo
807 4570 932 4632 junctum
947 4568 1010 4617 fuit.
1035 4568 1077 4617 De
1093 4567 1190 4618 ceteris
1206 4565 1273 4615 nihii
1292 4567 1399 4616 scimus.
1424 4566 1463 4616 cf.
1481 4565 1514 4615 (16
1532 4565 1559 4615 la
1574 4565 1633 4615 Rue
1649 4570 1677 4614 61

554 4652 636 4702 Huet.

599 4734 621 4780 2.
637 4732 680 4781 De
695 4730 810 4780 archivis
834 4729 943 4791 collegii
962 4727 1030 4776 nihil
1047 4727 1131 4777 habet
1155 4725 1300 4776 Archivum
1316 4727 1397 4788 Calc,
1412 4727 1445 4774 D.
1469 4725 1679 4788 Colleges,ante

552 4811 698 4874 Reginaldi
719 4806 840 4860 ιΗ6161111
863 4808 1055 4857 ministerium:
1074 4823 1135 4869 quae
1162 4807 1325 4857 documenta
1346 4807 1381 4866 ad
1411 4805 1542 4868 quosdam
1557 4803 1679 4854 redditus

552 4892 661 4954 collegii
682 4891 710 4939 in
729 4892 789 4939 1553
812 4905 882 4938 anno
908 4893 1041 4950 spectant.
1064 4888 1131 4947 Quae
1153 4887 1187 4937 de
1204 4888 1255 4938 hoc
1279 4887 1396 4949 collegio
1419 4886 1473 4935 dixi
1490 4884 1580 4935 inveni
1597 4884 1624 4933 in
1643 4885 1678 4934 de

551 4973 626 5032 Erus,
640 4977 687 5020 aut
700 4970 728 5019 in
742 4970 890 5020 numerosis
905 4967 1031 5031 operibus
1046 4984 1118 5016 nunc
1131 4967 1219 5028 editis,
1228 4967 1255 5015 in
1268 4967 1365 5030 quibus
1380 4958 1678 5028 litterae'professorum

550 5052 630 5114 hujus
652 5051 761 5114 collegii
786 5049 964 5101 continentur.
982 5047 1034 5100 (De
1050 5047 1205 5110 originibus,
1228 5047 1256 5096 in
1274 5062 1343 5096 anuo
1362 5045 1500 5106 1491)(11.
1520 5045 1676 5106 Bourmont,

552 5133 605 5193 171,
621 5147 683 5194 sqq.
