3950 5975
1651 744 1997 804 ..g-5...

708 900 878 973 orat,
938 913 1148 977 quum
1204 900 1567 978 oportebat
1616 900 1864 964 missos
1941 919 1981 963 a
2045 900 2578 991 Oadomensibus
2646 900 2938 971 audiret.

704 1005 978 1085 quibus!
1025 1006 1256 1070 autem
1339 1006 1639 1070 libenter
1713 1006 2000 1071 consilia
2064 1009 2312 1070 dabat..
2348 1030 2383 1065 ‹<
2428 1008 2483 1068 Il
2537 1007 2682 1069 faut
2752 1025 2942 1071 com-

701 1112 1024 1191 prendre‚
1081 1112 1445 1175 scribebat
1477 1114 1793 1185 scabinis,
1854 1132 1933 1177 ce
1995 1132 2128 1193 que
2181 1115 2240 1174 M
2259 1162 2288 1202 ,Ι
2323 1113 2568 1177 Michel
2622 1114 2878 1193 Angier
2910 1135 2946 1175 a

699 1220 1026 1297 rapporte
1057 1218 1218 1297 qu'il
1251 1218 1396 1281 faut
1426 1220 1840 1299 n’epargner
1872 1237 1964 1283 un
2009 1223 2267 1299 goujon
2315 1237 2496 1301 pour
2544 1220 2807 1299 pecher
2854 1239 2938 1283 un

705 1329 990 1388 saumon
1022 1325 1064 1386 1.
1096 1348 1132 1382 »
2073 1401 2084 1409 ,
2628 1348 2631 1350 ’

702 1440 707 1445 ’
813 1421 993 1505 33111,
1067 1433 1436 1511 antequam
1489 1412 1856 1497 Gadomum
1912 1434 2207 1511 veniret,
2288 1434 2657 1497 Lisaureus
2721 1435 2942 1513 juris*

705 1522 1095 1628 consultum
1160 1540 1276 1618 qui
1349 1538 1650 1602 doctoris
1699 1540 2009 1619 regentis
2077 1557 2363 1604 munere
2430 1540 2621 1619 fungi
2682 1544 2942 1620 posset.

703 1646 1015 1709 invenire
1047 1647 1427 1730 conabatur
1456 1648 1526 1709 et
1557 1646 1854 1710 scabinis
1894 1647 2209 1710 mittebat
2252 1647 2466 1710 filium
2508 1647 2942 1711 celeberrimi

704 1752 1052 1815 Francisci
1123 1753 1441 1829 Hotman‚
1496 1753 1613 1832 qui
1675 1770 1854 1816 anno
1906 1756 2063 1816 1583
2118 1754 2453 1817 lectiones
2500 1752 2821 1833 incepitY.
2870 1759 2938 1815 In

705 1858 846 1921 suis
894 1856 1172 1933 litteris,
1230 1860 1604 1923 Lisaureus
1656 1877 1935 1939 semper
1982 1860 2252 1923 Curiam
2302 1861 2386 1923 ad
2433 1860 2934 1923 reformandam}

699 1966 1234 2031 Universitatem
1287 1966 1654 2029 intendere
1705 1967 1997 2039 dicebat,
2068 1967 2187 2030 sed
2218 1967 2360 2029 tam
2413 1966 2719 2030 diversas
2772 1985 2934 2031 sen⁴

695 2072 950 2135 tentias
1018 2089 1416 2143 occurrere,
1476 2073 1553 2135 ut
1622 2073 1794 2135 nihil
1853 2073 2035 2136 effici
2091 2074 2330 2152 posset
2359 2073 2405 2135 3.
2462 2074 2759 2148 Interea,
2813 2075 2938 2135 niti

696 2179 1059 2259 oportebat
1114 2182 1192 2242 ut
1249 2180 1650 2242 salinarium
1677 2179 1972 2259 vectigal
2006 2180 2454 2244 Universitati
2489 2182 2882 2244 servaretur
2921 2199 2934 2251 ;

696 2287 765 2349 et
793 2286 1145 2363 enimvero
1174 2287 1246 2348 in
1269 2287 1504 2349 codice
1525 2286 2011 2349 conventionis
2042 2287 2278 2349 Trium
2297 2287 2735 2350 Normanniae
2760 2291 2882 2350 ord
2894 2291 2938 2347 ἰ-

695 2411 858 2455 num
876 2394 1133 2456 mensis
1183 2393 1485 2456 octobris
1507 2394 1682 2467 1583,
1730 2394 2095 2472 legebatur
2124 2394 2410 2473 quartus
2443 2395 2513 2457 et
2538 2393 2934 2457 tricesimus.

691 2500 1022 2563 articulus
1069 2500 1203 2564 iste
1257 2519 1271 2562 :
1333 2523 1369 2558 «
1427 2500 1814 2563 persistent
1883 2500 2367 2579 pareillement
2416 2505 2456 2562 a
2518 2501 2585 2562 la
2644 2503 2930 2580 roqueta

693 2616 754 2677 ci
785 2616 1033 2679 devant
1063 2616 1225 2679 faite
1257 2621 1297 2678 a
1324 2620 1386 2677 S.
1423 2616 1501 2679 M.
1532 2621 1572 2678 a
1601 2632 1679 2679 ce
1713 2616 1875 2695 qu’il
1905 2616 2004 2679 lui
2029 2616 2247 2697 plaise
2278 2633 2623 2696 revoquer
2649 2617 2934 2695 l’octrnff

589 2733 595 2737 ’
691 2723 811 2784 fait
868 2740 996 2785 aux
1053 2723 1398 2785 habitants
1449 2724 1531 2785 de
1581 2726 1756 2785 Caen
1813 2722 1896 2785 de
1951 2723 2068 2798 dix
2123 2723 2399 2785 deniers
2445 2724 2762 2786 tournois
2808 2742 2934 2803 pa]-

693 2830 908 2891 minot
958 2831 1185 2892 desel
1215 2846 1395 2909 pour
1413 2830 2024 2894 l'entretenement
2054 2831 2137 2893 de
2167 2831 2324 2892 leur
2354 2830 2757 2903 universim,
2784 2835 2938 2892 saut'

689 2941 728 2998 a
757 2952 894 2998 eux
923 2940 963 2998 a
991 2936 1055 3000 le
1086 2936 1279 3002 lever
1310 2953 1431 2999 sur
1459 2936 1524 2999 le
1556 2936 1840 3016 grenier
1869 2937 1952 3000 de
1984 2938 2051 2999 la
2079 2936 2219 3000 dite
2250 2936 2409 3000 ville
2444 2938 2829 3001 seulement
2862 2943 2930 2999 et

687 3045 920 3105 autres
965 3044 1049 3106 de
1093 3044 1300 3106 ladite
1355 3044 1738 3122 generalite
1784 3044 1900 3123 qui
1931 3046 1996 3109 le
2034 3045 2377 3107 voudront
2425 3045 2842 3107 consentirb.
2894 3071 2926 3099 a

683 3153 775 3212 De
834 3167 969 3229 qua
1025 3167 1101 3213 re
1160 3151 1460 3213 monitos
1528 3150 1842 3212 scabinos
1901 3151 2271 3214 Lisaureus
2342 3152 2670 3214 suadebat
2725 3155 2801 3215 ut
2838 3155 2918 3215 ds

680 3257 807 3318 hac
856 3273 932 3319 re
991 3258 1276 3336 agerent
1341 3274 1497 3319 cum
1541 3256 1713 3319 duce
1760 3257 2137 3330 Jocundiae,
2189 3257 2458 3320 litteras
2507 3276 2657 3337 quae
2707 3259 2791 3320 iis
2842 3263 2918 3320 aa]

677 3363 921 3441 ducem
953 3363 1300 3425 mittendae
1330 3363 1552 3436 erant,
1577 3363 1726 3442 ipse
1759 3363 2069 3426 scribens
2083 3363 2129 3426 5.
2165 3364 2433 3426 Scabini
2463 3380 2628 3427 vero
2661 3369 2918 3444 Regem.

677 3469 1047 3531 sollicitare
1097 3485 1232 3532 non
1289 3469 1689 3531 dubitarunt
1736 3485 1864 3548 per
1918 3471 2196 3548 poetam
2267 3471 2681 3544 Portesium,
2744 3476 2914 3551 apuu}

677 3593 882 3654 quem
925 3592 1055 3654 per
1085 3575 1353 3638 litteras
1399 3575 1745 3637 vicesimae
1797 3576 2184 3638 decembris
2235 3577 2490 3638 mensis
2532 3577 2668 3640 diei
2714 3578 2914 3641 vehe-

677 3683 949 3744 menter
987 3683 1458 3760 querebantur
1504 3682 1586 3744 de
1635 3682 1890 3744 invidia
1934 3683 2509 3761 Rothomagensis
2554 3687 2914 3747 Generali*

670 3787 855 3862 tatis„
891 3805 1065 3868 quae,
1105 3805 1315 3867 quum
1346 3790 1582 3851 essent
1610 3788 1679 3849 in
1713 3805 1796 3850 ea
1825 3788 2127 3868 quinque
2158 3789 2435 3862 baillivi,
2468 3791 2910 3853 Generalitati

671 3894 1092 3969 cadomensi,
1148 3895 1258 3956 cui
1304 3895 1438 3956 duo
1501 3897 1723 3957 solum
1777 3896 2036 3967 essent,
2073 3895 2143 3956 in
2200 3897 2635 3958 Normanniae
2682 3898 2910 3960 Trium

670 4000 998 4073 Qrdinum
1067 4001 1638 4063 conventionibus
1711 4012 1989 4080 semper
2046 4003 2401 4081 praestaret
2421 4001 2465 4062 ⁶.
2535 4007 2682 4066 Rex
2735 4021 2910 4066 anun

670 4107 1020 4168 anteriore
1082 4123 1494 4186 responsum
1537 4108 1771 4170 datum
1818 4123 1953 4170 non
2004 4109 2293 4170 mutavit
2322 4108 2367 4168 ⁷.
2417 4110 2736 4172 Portesio
2770 4129 2910 4172 sca-

584 4272 592 4277 .
665 4213 806 4274 bini
833 4214 1068 4292 gratos
1103 4229 1175 4275 se
1198 4215 1648 4293 praebuerunt
1673 4215 1741 4276 et
1767 4232 2075 4277 mensam
2108 4215 2173 4277 ei
2196 4232 2468 4294 quoque
2508 4215 2902 4280 miseruntss.

757 4436 800 4485 1.
824 4433 986 4485 Arch.
1013 4451 1214 4497 comm.‚
1239 4436 1306 4484 R.
1337 4435 1406 4484 H.
1439 4435 1534 4498 V.,
1561 4453 1605 4486 c.
1634 4438 1712 4497 24,
1750 4437 1791 4486 f*
1829 4439 1934 4488 154.

759 4517 802 4564 2.
837 4514 994 4576 Ibid„
1014 4515 1060 4563 fo
1091 4516 1178 4564 145
1204 4533 1216 4564 :
1248 4515 1315 4565 cf.
1350 4515 1720 4578 appendicem.

757 4597 803 4645 3.
832 4594 989 4657 lbid„
1015 4595 1061 4644 f⁰
1093 4597 1200 4645 207.

756 4677 804 4724 4.
840 4691 911 4725 DE
945 4676 1346 4737 BEAUREPAIRE,
1393 4674 1593 4727 C'ahier
1626 4675 1714 4727 des
1747 4658 1906 4728 E‘tals
1945 4677 2009 4727 de
2057 4677 2395 4728 Normandie
2424 4695 2544 4728 sous
2579 4677 2759 4728 Henro'
2792 4676 2906 4736 HJ,

666 4770 725 4816 11,
753 4757 838 4804 61.
1666 4770 1670 4774 ⁴
1875 4805 1883 4808 .

758 4836 802 4884 5.
835 4835 996 4885 Arch.
1031 4851 1251 4897 comm.‚
1281 4836 1329 4886 R
1374 4835 1443 4886 H.
1465 4837 1544 4898 V.,
1574 4853 1618 4887 c.
1649 4839 1723 4899 24,
1749 4837 1794 4886 f·
1827 4839 1935 4888 101.

755 4917 800 4964 6.
834 4914 995 4966 Arch.
1025 4932 1224 4977 comm.‚
1260 4917 1324 4966 R.
1355 4917 1424 4966 H.
1453 4917 1533 4978 V.,
1569 4934 1622 4967 c.
1665 4919 1740 4979 24,
1766 4917 1807 4966 f⁰
1839 4919 1945 4968 197.

756 4996 800 5044 7.
835 5009 905 5044 DE:
930 4995 1336 5058 Bnannnmmn,
1371 4996 1467 5047 loc.
1492 4996 1584 5047 cit.

757 5076 805 5125 8.
836 5074 997 5127 Arch.
1018 5091 1214 5130 comm..
1248 5077 1311 5131 R..
1336 5077 1405 5127 H.
1439 5077 1518 5143 V.,
1545 5094 1589 5128 c.
1619 5077 1695 5141 25,
1729 5079 1772 5127 fo
1805 5081 1880 5134 63.
