<?xml version="1.0" encoding="UTF-8"?>
<!DOCTYPE html PUBLIC "-//W3C//DTD XHTML 1.0 Transitional//EN"
    "http://www.w3.org/TR/xhtml1/DTD/xhtml1-transitional.dtd">
<html xmlns="http://www.w3.org/1999/xhtml" xml:lang="en" lang="en">
 <head>
  <title>
</title>
<meta http-equiv="Content-Type" content="text/html;charset=utf-8" />
  <meta name='ocr-system' content='tesseract 3.04.00' />
  <meta name='ocr-capabilities' content='ocr_page ocr_carea ocr_par ocr_line ocrx_word'/>
</head>
<body>
  <div class='ocr_page' id='page_1' title='image "./renovatioacrefo00prengoog_0023.png"; bbox 0 0 3950 5975; ppageno 0'>
   <div class='ocr_carea' id='block_1_1' title="bbox 1979 757 2345 805">
    <p class='ocr_par' dir='ltr' id='par_1_1' title="bbox 1979 757 2345 805">
     <span class='ocr_line' id='line_1_1' title="bbox 1979 757 2345 805; baseline -0.005 0"><span class='ocrx_word' id='word_1_1' title='bbox 1979 780 2056 789; x_wconf 92' lang='grc'>--</span> <span class='ocrx_word' id='word_1_2' title='bbox 2099 757 2223 805; x_wconf 86' lang='lat' dir='ltr'>VIII</span> <span class='ocrx_word' id='word_1_3' title='bbox 2267 776 2345 785; x_wconf 84' lang='lat'>--</span> 
     </span>
    </p>
   </div>
   <div class='ocr_carea' id='block_1_2' title="bbox 1045 881 3326 2372">
    <p class='ocr_par' dir='ltr' id='par_1_2' title="bbox 1045 881 3291 1354">
     <span class='ocr_line' id='line_1_2' title="bbox 1045 881 3286 1000; baseline -0.004 -16"><span class='ocrx_word' id='word_1_4' title='bbox 1045 907 1526 984; x_wconf 83' lang='lat' dir='ltr'>Marcellum</span> <span class='ocrx_word' id='word_1_5' title='bbox 1585 881 2010 1000; x_wconf 41' lang='lat' dir='ltr'>Fourn&#39;ier,</span> <span class='ocrx_word' id='word_1_6' title='bbox 2069 901 2650 979; x_wconf 87' lang='lat' dir='ltr'>Universitates</span> <span class='ocrx_word' id='word_1_7' title='bbox 2707 901 3021 1000; x_wconf 89' lang='lat' dir='ltr'>gallicae</span> <span class='ocrx_word' id='word_1_8' title='bbox 3078 925 3286 1000; x_wconf 83' lang='lat' dir='ltr'>prae-</span> 
     </span>
     <span class='ocr_line' id='line_1_3' title="bbox 1052 1026 3291 1125; baseline -0.003 -19"><span class='ocrx_word' id='word_1_9' title='bbox 1052 1031 1327 1106; x_wconf 89' lang='lat' dir='ltr'>sertim</span> <span class='ocrx_word' id='word_1_10' title='bbox 1363 1030 1952 1106; x_wconf 88' lang='lat' dir='ltr'>eminuerunt¹.</span> <span class='ocrx_word' id='word_1_11' title='bbox 1991 1027 2136 1102; x_wconf 89' lang='lat' dir='ltr'>Cui</span> <span class='ocrx_word' id='word_1_12' title='bbox 2178 1026 2595 1101; x_wconf 87' lang='lat' dir='ltr'>sententiae</span> <span class='ocrx_word' id='word_1_13' title='bbox 2632 1034 3016 1122; x_wconf 88' lang='lat' dir='ltr'>ceterum,</span> <span class='ocrx_word' id='word_1_14' title='bbox 3063 1036 3291 1125; x_wconf 91' lang='lat' dir='ltr'>post—</span> 
     </span>
     <span class='ocr_line' id='line_1_4' title="bbox 1046 1149 3285 1255; baseline -0.003 -26"><span class='ocrx_word' id='word_1_15' title='bbox 1046 1179 1290 1255; x_wconf 84' lang='lat' dir='ltr'>quam</span> <span class='ocrx_word' id='word_1_16' title='bbox 1335 1153 1878 1231; x_wconf 88' lang='lat' dir='ltr'>Universitatis</span> <span class='ocrx_word' id='word_1_17' title='bbox 1921 1150 2459 1227; x_wconf 89' lang='lat' dir='ltr'>Cadomensis</span> <span class='ocrx_word' id='word_1_18' title='bbox 2506 1150 2722 1225; x_wconf 90' lang='lat' dir='ltr'>vices</span> <span class='ocrx_word' id='word_1_19' title='bbox 2779 1149 3285 1250; x_wconf 77' lang='lat' dir='ltr'>perlustravi,</span> 
     </span>
     <span class='ocr_line' id='line_1_5' title="bbox 1047 1277 1888 1354; baseline -0.004 -1"><span class='ocrx_word' id='word_1_20' title='bbox 1047 1278 1390 1354; x_wconf 78' lang='lat' dir='ltr'>libenter</span> <span class='ocrx_word' id='word_1_21' title='bbox 1443 1277 1888 1353; x_wconf 76' lang='lat' dir='ltr'>consentio,</span> 
     </span>
    </p>

    <p class='ocr_par' dir='ltr' id='par_1_3' title="bbox 1048 1398 3326 2372">
     <span class='ocr_line' id='line_1_6' title="bbox 1194 1398 3292 1500; baseline -0.001 -23"><span class='ocrx_word' id='word_1_22' title='bbox 1194 1402 1725 1478; x_wconf 77' lang='lat' dir='ltr'>Meminimus</span> <span class='ocrx_word' id='word_1_23' title='bbox 1812 1423 2135 1500; x_wconf 89' lang='lat' dir='ltr'>quoque</span> <span class='ocrx_word' id='word_1_24' title='bbox 2225 1406 2527 1498; x_wconf 91' lang='lat' dir='ltr'>quanta</span> <span class='ocrx_word' id='word_1_25' title='bbox 2614 1398 2792 1474; x_wconf 89' lang='lat' dir='ltr'>luce</span> <span class='ocrx_word' id='word_1_26' title='bbox 2887 1403 3292 1474; x_wconf 90' lang='lat' dir='ltr'>renovatio</span> 
     </span>
     <span class='ocr_line' id='line_1_7' title="bbox 1048 1523 3326 1624; baseline -0.002 -21"><span class='ocrx_word' id='word_1_27' title='bbox 1048 1526 1596 1603; x_wconf 86' lang='lat' dir='ltr'>architecturae</span> <span class='ocrx_word' id='word_1_28' title='bbox 1642 1525 1797 1600; x_wconf 89' lang='lat' dir='ltr'>hac</span> <span class='ocrx_word' id='word_1_29' title='bbox 1854 1524 2183 1624; x_wconf 82' lang='lat' dir='ltr'>regione</span> <span class='ocrx_word' id='word_1_30' title='bbox 2238 1523 2552 1620; x_wconf 86' lang='lat' dir='ltr'>claruit,</span> <span class='ocrx_word' id='word_1_31' title='bbox 2595 1547 2839 1622; x_wconf 90' lang='lat' dir='ltr'>quam</span> <span class='ocrx_word' id='word_1_32' title='bbox 2897 1524 3326 1622; x_wconf 86' lang='lat' dir='ltr'>profunde</span> 
     </span>
     <span class='ocr_line' id='line_1_8' title="bbox 1051 1647 3294 1749; baseline -0.001 -23"><span class='ocrx_word' id='word_1_33' title='bbox 1051 1651 1367 1727; x_wconf 83' lang='lat' dir='ltr'>radices</span> <span class='ocrx_word' id='word_1_34' title='bbox 1434 1650 1592 1749; x_wconf 92' lang='lat' dir='ltr'>egit</span> <span class='ocrx_word' id='word_1_35' title='bbox 1656 1647 2115 1725; x_wconf 79' lang='lat' dir='ltr'>reformatio</span> <span class='ocrx_word' id='word_1_36' title='bbox 2201 1647 2582 1747; x_wconf 90' lang='lat' dir='ltr'>religiosa</span> <span class='ocrx_word' id='word_1_37' title='bbox 2658 1648 2741 1721; x_wconf 92' lang='lat' dir='ltr'>in</span> <span class='ocrx_word' id='word_1_38' title='bbox 2834 1651 3007 1722; x_wconf 93' lang='lat' dir='ltr'>Ima</span> <span class='ocrx_word' id='word_1_39' title='bbox 3073 1650 3294 1723; x_wconf 87' lang='lat' dir='ltr'>Nor-</span> 
     </span>
     <span class='ocr_line' id='line_1_9' title="bbox 1053 1772 3298 1872; baseline -0.002 -21"><span class='ocrx_word' id='word_1_40' title='bbox 1053 1775 1417 1851; x_wconf 89' lang='lat' dir='ltr'>mannia.</span> <span class='ocrx_word' id='word_1_41' title='bbox 1485 1778 1598 1850; x_wconf 92' lang='lat' dir='ltr'>Ita</span> <span class='ocrx_word' id='word_1_42' title='bbox 1655 1773 2089 1848; x_wconf 86' lang='lat' dir='ltr'>mediocris</span> <span class='ocrx_word' id='word_1_43' title='bbox 2148 1796 2335 1872; x_wconf 89' lang='lat' dir='ltr'>pars</span> <span class='ocrx_word' id='word_1_44' title='bbox 2398 1772 2756 1847; x_wconf 86' lang='lat' dir='ltr'>historiae</span> <span class='ocrx_word' id='word_1_45' title='bbox 2819 1772 3103 1848; x_wconf 89' lang='lat' dir='ltr'>localis</span> <span class='ocrx_word' id='word_1_46' title='bbox 3152 1773 3298 1848; x_wconf 88' lang='lat' dir='ltr'>erit</span> 
     </span>
     <span class='ocr_line' id='line_1_10' title="bbox 1056 1881 3297 1998; baseline -0.001 -23"><span class='ocrx_word' id='word_1_47' title='bbox 1056 1924 1328 1975; x_wconf 84' lang='lat' dir='ltr'>meum</span> <span class='ocrx_word' id='word_1_48' title='bbox 1393 1922 1598 1998; x_wconf 90' lang='lat' dir='ltr'>opus</span> <span class='ocrx_word' id='word_1_49' title='bbox 1655 1898 1853 1991; x_wconf 31' lang='lat' dir='ltr'>,utile</span> <span class='ocrx_word' id='word_1_50' title='bbox 1914 1897 2032 1971; x_wconf 91' lang='lat' dir='ltr'>illi</span> <span class='ocrx_word' id='word_1_51' title='bbox 2101 1897 2238 1996; x_wconf 92' lang='lat' dir='ltr'>qui</span> <span class='ocrx_word' id='word_1_52' title='bbox 2307 1881 2887 1972; x_wconf 79' lang='lat' dir='ltr'>Renovationis</span> <span class='ocrx_word' id='word_1_53' title='bbox 2939 1897 3297 1972; x_wconf 78' lang='lat' dir='ltr'>historiae</span> 
     </span>
     <span class='ocr_line' id='line_1_11' title="bbox 1055 2020 3298 2123; baseline -0.002 -24"><span class='ocrx_word' id='word_1_54' title='bbox 1055 2032 1129 2099; x_wconf 90' lang='lat' dir='ltr'>et</span> <span class='ocrx_word' id='word_1_55' title='bbox 1179 2022 1625 2123; x_wconf 87' lang='lat' dir='ltr'>praesertim</span> <span class='ocrx_word' id='word_1_56' title='bbox 1674 2022 2092 2121; x_wconf 85' lang='lat' dir='ltr'>principiis</span> <span class='ocrx_word' id='word_1_57' title='bbox 2142 2020 2734 2096; x_wconf 75' lang='lat' dir='ltr'>reformationis</span> <span class='ocrx_word' id='word_1_58' title='bbox 2774 2021 3175 2119; x_wconf 79' lang='lat' dir='ltr'>religiosae</span> <span class='ocrx_word' id='word_1_59' title='bbox 3215 2021 3298 2095; x_wconf 93' lang='lat' dir='ltr'>in</span> 
     </span>
     <span class='ocr_line' id='line_1_12' title="bbox 1059 2144 3299 2248; baseline -0.001 -25"><span class='ocrx_word' id='word_1_60' title='bbox 1059 2147 1211 2223; x_wconf 91' lang='lat' dir='ltr'>hac</span> <span class='ocrx_word' id='word_1_61' title='bbox 1266 2147 1593 2246; x_wconf 84' lang='lat' dir='ltr'>regione</span> <span class='ocrx_word' id='word_1_62' title='bbox 1664 2146 1985 2248; x_wconf 91' lang='lat' dir='ltr'>studere</span> <span class='ocrx_word' id='word_1_63' title='bbox 2051 2144 2302 2220; x_wconf 89' lang='lat' dir='ltr'>volet:</span> <span class='ocrx_word' id='word_1_64' title='bbox 2381 2170 2564 2244; x_wconf 88' lang='lat' dir='ltr'>quac</span> <span class='ocrx_word' id='word_1_65' title='bbox 2625 2145 2892 2222; x_wconf 90' lang='lat' dir='ltr'>studia</span> <span class='ocrx_word' id='word_1_66' title='bbox 2943 2146 3299 2222; x_wconf 80' lang='lat' dir='ltr'>historici</span> 
     </span>
     <span class='ocr_line' id='line_1_13' title="bbox 1060 2280 1360 2372; baseline 0 -25"><span class='ocrx_word' id='word_1_67' title='bbox 1060 2280 1360 2372; x_wconf 85' lang='lat' dir='ltr'>petunt.</span> 
     </span>
    </p>
   </div>
   <div class='ocr_carea' id='block_1_3' title="bbox 1067 2509 3381 4852">
    <p class='ocr_par' dir='ltr' id='par_1_4' title="bbox 1067 2509 3381 4852">
     <span class='ocr_line' id='line_1_14' title="bbox 1213 2509 3304 2613; baseline 0 -24"><span class='ocrx_word' id='word_1_68' title='bbox 1213 2515 1328 2589; x_wconf 86' lang='lat' dir='ltr'>Ita</span> <span class='ocrx_word' id='word_1_69' title='bbox 1358 2512 1743 2613; x_wconf 89' lang='lat' dir='ltr'>magister</span> <span class='ocrx_word' id='word_1_70' title='bbox 1772 2514 1860 2587; x_wconf 91' lang='lat' dir='ltr'>E.</span> <span class='ocrx_word' id='word_1_71' title='bbox 1896 2510 2258 2606; x_wconf 90' lang='lat' dir='ltr'>Lavisse,</span> <span class='ocrx_word' id='word_1_72' title='bbox 2287 2509 2812 2585; x_wconf 86' lang='lat' dir='ltr'>doctissimus</span> <span class='ocrx_word' id='word_1_73' title='bbox 2852 2512 3304 2589; x_wconf 88' lang='lat' dir='ltr'>studiorum</span> 
     </span>
     <span class='ocr_line' id='line_1_15' title="bbox 1067 2631 3309 2736; baseline 0.001 -24"><span class='ocrx_word' id='word_1_74' title='bbox 1067 2637 1634 2713; x_wconf 87' lang='lat' dir='ltr'>historicorum</span> <span class='ocrx_word' id='word_1_75' title='bbox 1674 2638 2193 2736; x_wconf 90' lang='lat' dir='ltr'>gubernator,</span> <span class='ocrx_word' id='word_1_76' title='bbox 2225 2631 2397 2733; x_wconf 89' lang='lat' dir='ltr'>jam</span> <span class='ocrx_word' id='word_1_77' title='bbox 2447 2635 2846 2733; x_wconf 88' lang='lat' dir='ltr'>quosdam</span> <span class='ocrx_word' id='word_1_78' title='bbox 2882 2636 3309 2714; x_wconf 87' lang='lat' dir='ltr'>historicos</span> 
     </span>
     <span class='ocr_line' id='line_1_16' title="bbox 1069 2759 3315 2838; baseline 0 -2"><span class='ocrx_word' id='word_1_79' title='bbox 1069 2762 1507 2838; x_wconf 87' lang='lat' dir='ltr'>litterarum</span> <span class='ocrx_word' id='word_1_80' title='bbox 1580 2772 1718 2837; x_wconf 88' lang='lat' dir='ltr'>aut</span> <span class='ocrx_word' id='word_1_81' title='bbox 1802 2759 2396 2835; x_wconf 74' lang='lat' dir='ltr'>reformationis</span> <span class='ocrx_word' id='word_1_82' title='bbox 2483 2759 2950 2835; x_wconf 82' lang='lat' dir='ltr'>exhortatus</span> <span class='ocrx_word' id='word_1_83' title='bbox 3028 2772 3148 2836; x_wconf 87' lang='lat' dir='ltr'>est</span> <span class='ocrx_word' id='word_1_84' title='bbox 3231 2774 3315 2837; x_wconf 91' lang='lat' dir='ltr'>ut</span> 
     </span>
     <span class='ocr_line' id='line_1_17' title="bbox 1072 2883 3315 2992; baseline -0 -30"><span class='ocrx_word' id='word_1_85' title='bbox 1072 2886 1639 2975; x_wconf 85' lang='lat' dir='ltr'>Universitatis</span> <span class='ocrx_word' id='word_1_86' title='bbox 1708 2883 2247 2963; x_wconf 89' lang='lat' dir='ltr'>Cadomensis</span> <span class='ocrx_word' id='word_1_87' title='bbox 2307 2883 2829 2992; x_wconf 73' lang='lat' dir='ltr'>historiaeque</span> <span class='ocrx_word' id='word_1_88' title='bbox 2901 2887 3315 2991; x_wconf 89' lang='lat' dir='ltr'>principiis</span> 
     </span>
     <span class='ocr_line' id='line_1_18' title="bbox 1074 3010 3311 3110; baseline 0 -23"><span class='ocrx_word' id='word_1_89' title='bbox 1074 3011 1525 3090; x_wconf 57' lang='lat' dir='ltr'>reformata)</span> <span class='ocrx_word' id='word_1_90' title='bbox 1563 3011 1979 3110; x_wconf 89' lang='lat' dir='ltr'>religionis</span> <span class='ocrx_word' id='word_1_91' title='bbox 2012 3010 2095 3084; x_wconf 89' lang='lat' dir='ltr'>in</span> <span class='ocrx_word' id='word_1_92' title='bbox 2130 3012 2302 3084; x_wconf 90' lang='lat' dir='ltr'>Ima</span> <span class='ocrx_word' id='word_1_93' title='bbox 2332 3011 2840 3086; x_wconf 90' lang='lat' dir='ltr'>Normannia</span> <span class='ocrx_word' id='word_1_94' title='bbox 2873 3013 3311 3088; x_wconf 84' lang='lat' dir='ltr'>studerent.</span> 
     </span>
     <span class='ocr_line' id='line_1_19' title="bbox 1077 3135 3313 3234; baseline 0.001 -23"><span class='ocrx_word' id='word_1_95' title='bbox 1077 3136 1393 3212; x_wconf 86' lang='lat' dir='ltr'>Gratias</span> <span class='ocrx_word' id='word_1_96' title='bbox 1435 3137 1703 3224; x_wconf 61' lang='lat' dir='ltr'>„habeo</span> <span class='ocrx_word' id='word_1_97' title='bbox 1753 3135 2144 3234; x_wconf 91' lang='lat' dir='ltr'>Magistro</span> <span class='ocrx_word' id='word_1_98' title='bbox 2184 3136 2282 3208; x_wconf 91' lang='lat' dir='ltr'>A.</span> <span class='ocrx_word' id='word_1_99' title='bbox 2329 3137 2422 3210; x_wconf 89' lang='lat' dir='ltr'>P.</span> <span class='ocrx_word' id='word_1_100' title='bbox 2480 3135 2959 3232; x_wconf 90' lang='lat' dir='ltr'>Lcmercier,</span> <span class='ocrx_word' id='word_1_101' title='bbox 3006 3137 3313 3213; x_wconf 90' lang='lat' dir='ltr'>decano</span> 
     </span>
     <span class='ocr_line' id='line_1_20' title="bbox 1080 3258 3351 3359; baseline 0 -23"><span class='ocrx_word' id='word_1_102' title='bbox 1080 3261 1514 3336; x_wconf 85' lang='lat' dir='ltr'>Facultatis</span> <span class='ocrx_word' id='word_1_103' title='bbox 1582 3260 2023 3335; x_wconf 89' lang='lat' dir='ltr'>litterarum</span> <span class='ocrx_word' id='word_1_104' title='bbox 2105 3258 2670 3335; x_wconf 85' lang='lat' dir='ltr'>Universitatis</span> <span class='ocrx_word' id='word_1_105' title='bbox 2735 3261 3351 3359; x_wconf 66' lang='lat' dir='ltr'>CadomensiS,&#39;&#39;</span> 
     </span>
     <span class='ocr_line' id='line_1_21' title="bbox 1080 3382 3318 3484; baseline 0.001 -25"><span class='ocrx_word' id='word_1_106' title='bbox 1080 3384 1219 3484; x_wconf 91' lang='lat' dir='ltr'>qui</span> <span class='ocrx_word' id='word_1_107' title='bbox 1263 3384 1464 3460; x_wconf 91' lang='lat' dir='ltr'>mihi</span> <span class='ocrx_word' id='word_1_108' title='bbox 1508 3386 1766 3459; x_wconf 90' lang='lat' dir='ltr'>suasit</span> <span class='ocrx_word' id='word_1_109' title='bbox 1813 3392 1897 3458; x_wconf 90' lang='lat' dir='ltr'>ut</span> <span class='ocrx_word' id='word_1_110' title='bbox 1936 3383 2089 3458; x_wconf 89' lang='lat' dir='ltr'>hoc</span> <span class='ocrx_word' id='word_1_111' title='bbox 2142 3407 2347 3483; x_wconf 91' lang='lat' dir='ltr'>opus</span> <span class='ocrx_word' id='word_1_112' title='bbox 2389 3382 2801 3483; x_wconf 86' lang='lat' dir='ltr'>incipiam.</span> <span class='ocrx_word' id='word_1_113' title='bbox 2841 3385 3318 3462; x_wconf 85' lang='lat' dir='ltr'>Gratissime</span> 
     </span>
     <span class='ocr_line' id='line_1_22' title="bbox 1082 3507 3324 3609; baseline 0 -23"><span class='ocrx_word' id='word_1_114' title='bbox 1082 3509 1323 3586; x_wconf 88' lang='lat' dir='ltr'>etiam</span> <span class='ocrx_word' id='word_1_115' title='bbox 1416 3508 1758 3607; x_wconf 90' lang='lat' dir='ltr'>designo</span> <span class='ocrx_word' id='word_1_116' title='bbox 1856 3507 2341 3607; x_wconf 85' lang='lat' dir='ltr'>Magistrum</span> <span class='ocrx_word' id='word_1_117' title='bbox 2431 3509 2529 3582; x_wconf 83' lang='lat' dir='ltr'>A.</span> <span class='ocrx_word' id='word_1_118' title='bbox 2627 3509 2919 3605; x_wconf 79' lang='lat' dir='ltr'>Gaste,</span> <span class='ocrx_word' id='word_1_119' title='bbox 3013 3510 3324 3609; x_wconf 90' lang='lat' dir='ltr'>profes—</span> 
     </span>
     <span class='ocr_line' id='line_1_23' title="bbox 1083 3631 3325 3710; baseline 0.001 -2"><span class='ocrx_word' id='word_1_120' title='bbox 1083 3657 1350 3709; x_wconf 87' lang='lat' dir='ltr'>sorem</span> <span class='ocrx_word' id='word_1_121' title='bbox 1443 3632 1832 3708; x_wconf 89' lang='lat' dir='ltr'>Facultati</span> <span class='ocrx_word' id='word_1_122' title='bbox 1902 3631 2342 3707; x_wconf 89' lang='lat' dir='ltr'>litterarum</span> <span class='ocrx_word' id='word_1_123' title='bbox 2418 3632 2981 3708; x_wconf 84' lang='lat' dir='ltr'>Universitatis</span> <span class='ocrx_word' id='word_1_124' title='bbox 3052 3635 3325 3710; x_wconf 90' lang='lat' dir='ltr'>Cado-</span> 
     </span>
     <span class='ocr_line' id='line_1_24' title="bbox 1085 3755 3381 3854; baseline 0.001 -22"><span class='ocrx_word' id='word_1_125' title='bbox 1085 3757 1443 3853; x_wconf 88' lang='lat' dir='ltr'>mensis,</span> <span class='ocrx_word' id='word_1_126' title='bbox 1529 3758 1617 3831; x_wconf 88' lang='lat' dir='ltr'>E.</span> <span class='ocrx_word' id='word_1_127' title='bbox 1695 3759 2084 3853; x_wconf 82' lang='lat' dir='ltr'>TraverS,</span> <span class='ocrx_word' id='word_1_128' title='bbox 2166 3755 2301 3854; x_wconf 92' lang='lat' dir='ltr'>qui</span> <span class='ocrx_word' id='word_1_129' title='bbox 2394 3756 2870 3832; x_wconf 88' lang='lat' dir='ltr'>thesaurum</span> <span class='ocrx_word' id='word_1_130' title='bbox 2963 3758 3381 3835; x_wconf 53' lang='lat' dir='ltr'>scientiae*</span> 
     </span>
     <span class='ocr_line' id='line_1_25' title="bbox 1087 3879 3321 3982; baseline 0 -24"><span class='ocrx_word' id='word_1_131' title='bbox 1087 3907 1259 3958; x_wconf 89' lang='lat' dir='ltr'>suae</span> <span class='ocrx_word' id='word_1_132' title='bbox 1353 3905 1624 3956; x_wconf 89' lang='lat' dir='ltr'>rerum</span> <span class='ocrx_word' id='word_1_133' title='bbox 1721 3882 2384 3956; x_wconf 87' lang='lat' dir='ltr'>Normannarum</span> <span class='ocrx_word' id='word_1_134' title='bbox 2486 3879 2686 3955; x_wconf 89' lang='lat' dir='ltr'>mihi</span> <span class='ocrx_word' id='word_1_135' title='bbox 2783 3894 3321 3982; x_wconf 82' lang='lat' dir='ltr'>aperuerunt3</span> 
     </span>
     <span class='ocr_line' id='line_1_26' title="bbox 1088 4005 3323 4108; baseline 0.001 -26"><span class='ocrx_word' id='word_1_136' title='bbox 1088 4006 1482 4102; x_wconf 86' lang='lat' dir='ltr'>Galland,</span> <span class='ocrx_word' id='word_1_137' title='bbox 1589 4005 2132 4105; x_wconf 87' lang='lat' dir='ltr'>professorem</span> <span class='ocrx_word' id='word_1_138' title='bbox 2227 4005 2586 4080; x_wconf 76' lang='lat' dir='ltr'>historiae</span> <span class='ocrx_word' id='word_1_139' title='bbox 2712 4007 3323 4108; x_wconf 84' lang='lat' dir='ltr'>doctoremque,</span> 
     </span>
     <span class='ocr_line' id='line_1_27' title="bbox 1089 4130 3324 4226; baseline 0 -18"><span class='ocrx_word' id='word_1_140' title='bbox 1089 4131 1716 4208; x_wconf 86' lang='lat' dir='ltr'>Reformationis</span> <span class='ocrx_word' id='word_1_141' title='bbox 1793 4131 1876 4205; x_wconf 92' lang='lat' dir='ltr'>in</span> <span class='ocrx_word' id='word_1_142' title='bbox 1951 4134 2123 4205; x_wconf 92' lang='lat' dir='ltr'>Ima</span> <span class='ocrx_word' id='word_1_143' title='bbox 2208 4130 2718 4206; x_wconf 84' lang='lat' dir='ltr'>Normannia</span> <span class='ocrx_word' id='word_1_144' title='bbox 2798 4132 3324 4226; x_wconf 68' lang='lat' dir='ltr'>historicum,</span> 
     </span>
     <span class='ocr_line' id='line_1_28' title="bbox 1088 4253 3333 4353; baseline 0.001 -22"><span class='ocrx_word' id='word_1_145' title='bbox 1088 4259 1187 4331; x_wconf 80' lang='lat' dir='ltr'>A.</span> <span class='ocrx_word' id='word_1_146' title='bbox 1288 4258 1581 4351; x_wconf 81' lang='lat' dir='ltr'>Benet,</span> <span class='ocrx_word' id='word_1_147' title='bbox 1682 4254 1987 4330; x_wconf 89' lang='lat' dir='ltr'>archivi</span> <span class='ocrx_word' id='word_1_148' title='bbox 2088 4253 2797 4353; x_wconf 87' lang='lat' dir='ltr'>departementalis</span> <span class='ocrx_word' id='word_1_149' title='bbox 2887 4282 3333 4335; x_wconf 90' lang='lat' dir='ltr'>conserva-</span> 
     </span>
     <span class='ocr_line' id='line_1_29' title="bbox 1089 4378 3327 4491; baseline 0.002 -37"><span class='ocrx_word' id='word_1_150' title='bbox 1089 4389 1382 4476; x_wconf 87' lang='lat' dir='ltr'>torem,</span> <span class='ocrx_word' id='word_1_151' title='bbox 1471 4379 1608 4491; x_wconf 82' lang='lat' dir='ltr'>qui</span> <span class='ocrx_word' id='word_1_152' title='bbox 1697 4379 1780 4453; x_wconf 94' lang='lat' dir='ltr'>in</span> <span class='ocrx_word' id='word_1_153' title='bbox 1855 4403 2156 4454; x_wconf 90' lang='lat' dir='ltr'>arcana</span> <span class='ocrx_word' id='word_1_154' title='bbox 2231 4378 2743 4454; x_wconf 90' lang='lat' dir='ltr'>archivorum</span> <span class='ocrx_word' id='word_1_155' title='bbox 2834 4405 2962 4456; x_wconf 92' lang='lat' dir='ltr'>me</span> <span class='ocrx_word' id='word_1_156' title='bbox 3049 4383 3327 4484; x_wconf 85' lang='lat' dir='ltr'>duxit3</span> 
     </span>
     <span class='ocr_line' id='line_1_30' title="bbox 1093 4503 3330 4603; baseline 0.003 -24"><span class='ocrx_word' id='word_1_157' title='bbox 1093 4504 1497 4603; x_wconf 85' lang='lat' dir='ltr'>Lavalley,</span> <span class='ocrx_word' id='word_1_158' title='bbox 1536 4503 2499 4600; x_wconf 80' lang='lat' dir='ltr'>Decauville-Lachenee,</span> <span class='ocrx_word' id='word_1_159' title='bbox 2526 4506 2870 4601; x_wconf 89' lang='lat' dir='ltr'>Bonnet,</span> <span class='ocrx_word' id='word_1_160' title='bbox 2905 4506 3330 4586; x_wconf 85' lang='lat' dir='ltr'>bibliothe-</span> 
     </span>
     <span class='ocr_line' id='line_1_31' title="bbox 1091 4626 3328 4727; baseline 0.002 -24"><span class='ocrx_word' id='word_1_161' title='bbox 1091 4652 1370 4703; x_wconf 88' lang='lat' dir='ltr'>carum</span> <span class='ocrx_word' id='word_1_162' title='bbox 1416 4629 1660 4703; x_wconf 85' lang='lat' dir='ltr'>Urbis</span> <span class='ocrx_word' id='word_1_163' title='bbox 1717 4636 1791 4702; x_wconf 91' lang='lat' dir='ltr'>et</span> <span class='ocrx_word' id='word_1_164' title='bbox 1825 4626 2385 4703; x_wconf 85' lang='lat' dir='ltr'>Universitatis</span> <span class='ocrx_word' id='word_1_165' title='bbox 2415 4637 3057 4727; x_wconf 83' lang='lat' dir='ltr'>conservatores3</span> <span class='ocrx_word' id='word_1_166' title='bbox 3084 4634 3328 4708; x_wconf 89' lang='lat' dir='ltr'>Urbis</span> 
     </span>
     <span class='ocr_line' id='line_1_32' title="bbox 1093 4751 3328 4852; baseline 0.003 -26"><span class='ocrx_word' id='word_1_167' title='bbox 1093 4753 1820 4848; x_wconf 79' lang='lat' dir='ltr'>administratores,</span> <span class='ocrx_word' id='word_1_168' title='bbox 1904 4752 2042 4850; x_wconf 89' lang='lat' dir='ltr'>qui</span> <span class='ocrx_word' id='word_1_169' title='bbox 2129 4751 2547 4826; x_wconf 80' lang='lat' dir='ltr'>archivum</span> <span class='ocrx_word' id='word_1_170' title='bbox 2634 4753 2905 4852; x_wconf 91' lang='lat' dir='ltr'>oppidi</span> <span class='ocrx_word' id='word_1_171' title='bbox 3001 4756 3328 4833; x_wconf 89' lang='lat' dir='ltr'>arbitrio</span> 
     </span>
    </p>
   </div>
   <div class='ocr_carea' id='block_1_4' title="bbox 1091 4959 3334 5138">
    <p class='ocr_par' dir='ltr' id='par_1_5' title="bbox 1091 4959 3334 5138">
     <span class='ocr_line' id='line_1_33' title="bbox 1186 4959 3334 5058; baseline 0.003 -18"><span class='ocrx_word' id='word_1_172' title='bbox 1186 4994 1228 5040; x_wconf 89' lang='lat'>1.</span> <span class='ocrx_word' id='word_1_173' title='bbox 1261 4992 1334 5042; x_wconf 82' lang='lat' dir='ltr'>M.</span> <span class='ocrx_word' id='word_1_174' title='bbox 1380 4992 1677 5054; x_wconf 70' lang='lat' dir='ltr'>Pomm—n,</span> <span class='ocrx_word' id='word_1_175' title='bbox 1720 4991 1925 5044; x_wconf 58' lang='lat' dir='ltr'>Statim</span> <span class='ocrx_word' id='word_1_176' title='bbox 1967 4997 2015 5040; x_wconf 79' lang='lat' dir='ltr'>et</span> <span class='ocrx_word' id='word_1_177' title='bbox 2054 4990 2348 5057; x_wconf 63' lang='lat' dir='ltr'>privileges</span> <span class='ocrx_word' id='word_1_178' title='bbox 2396 4959 2489 5042; x_wconf 26' lang='lat' dir='ltr'>&#39;dev</span> <span class='ocrx_word' id='word_1_179' title='bbox 2543 4991 2868 5048; x_wconf 64' lang='lat' dir='ltr'>Univereitbs</span> <span class='ocrx_word' id='word_1_180' title='bbox 2907 4993 3213 5058; x_wconf 69' lang='lat' dir='ltr'>franqaiees</span> <span class='ocrx_word' id='word_1_181' title='bbox 3260 5015 3334 5047; x_wconf 77' lang='lat' dir='ltr'>au</span> 
     </span>
     <span class='ocr_line' id='line_1_34' title="bbox 1091 5071 2142 5138; baseline 0.002 -18"><span class='ocrx_word' id='word_1_182' title='bbox 1091 5087 1279 5137; x_wconf 75' lang='lat' dir='ltr'>moyen</span> <span class='ocrx_word' id='word_1_183' title='bbox 1309 5074 1419 5138; x_wconf 70' lang='lat' dir='ltr'>aye,</span> <span class='ocrx_word' id='word_1_184' title='bbox 1448 5089 1486 5136; x_wconf 86' lang='lat'>1,</span> <span class='ocrx_word' id='word_1_185' title='bbox 1507 5089 1558 5137; x_wconf 86' lang='lat' dir='ltr'>p.</span> <span class='ocrx_word' id='word_1_186' title='bbox 1588 5073 1682 5135; x_wconf 90' lang='lat' dir='ltr'>IX,</span> <span class='ocrx_word' id='word_1_187' title='bbox 1716 5078 1771 5124; x_wconf 84' lang='lat' dir='ltr'>et</span> <span class='ocrx_word' id='word_1_188' title='bbox 1799 5088 1879 5135; x_wconf 90' lang='lat'>111,</span> <span class='ocrx_word' id='word_1_189' title='bbox 1903 5088 1954 5135; x_wconf 87' lang='lat' dir='ltr'>p.</span> <span class='ocrx_word' id='word_1_190' title='bbox 1984 5071 2121 5123; x_wconf 91' lang='lat' dir='ltr'>VIII</span> <span class='ocrx_word' id='word_1_191' title='bbox 2131 5109 2142 5122; x_wconf 92' lang='lat'><strong>.</strong></span> 
     </span>
    </p>
   </div>
   <div class='ocr_carea' id='block_1_5' title="bbox 3611 338 3762 4922">
    <p class='ocr_par' dir='ltr' id='par_1_6' title="bbox 3611 338 3762 4922">
     <span class='ocr_line' id='line_1_35' title="bbox 3611 338 3762 4922; baseline 0 0"><span class='ocrx_word' id='word_1_192' title='bbox 3611 338 3762 4922; x_wconf 95' lang='lat' dir='ltr'> </span> 
     </span>
    </p>
   </div>
  </div>
 </body>
</html>
