3950 5975
1559 811 1899 870 431...

616 964 959 1030 excellen't
1008 970 1217 1031 Poete
1258 970 1373 1048 qui
1422 970 1609 1032 lisoit
1660 972 1729 1032 et
1766 968 2160 1031 instruisoit
2207 968 2731 1048 publiquement
2770 968 2852 1029 de

614 1092 799 1153 grec,
833 1058 1214 1138 Guillaume
1246 1078 1311 1138 le
1345 1076 1607 1155 Moyne,
1648 1078 1862 1155 grand
1893 1075 2256 1153 Physicien
2309 1075 2378 1136 et
2411 1074 2851 1154 philosophe.

608 1186 796 1253 Jean,
827 1185 1096 1258 Auvray
1142 1182 1415 1251 Arcien,
1452 1184 1743 1245 Thomas
1790 1182 2050 1254 Basire,
2091 1181 2578 1261 grammairien
2605 1184 2644 1241 ¹.
2672 1202 2708 1237 »
2755 1182 2858 1241 Ita

612 1306 749 1349 non
782 1289 1003 1350 solum
1032 1288 1560 1368 philosophiam,
1596 1289 1889 1362 litteraS,
1922 1289 2437 1368 grammaticam
2459 1290 2634 1350 bene
2657 1288 2856 1349 doce-

612 1394 855 1456 bantur
885 1394 1235 1456 scholares
1266 1396 1335 1456 in
1366 1398 1485 1458 illo
1519 1396 1833 1474 collegio,
1867 1393 2109 1475 primis
2135 1396 2337 1456 ‘annis
2373 1397 2519 1455 XVI
2544 1394 2857 1466 saeculi,a

612 1502 1123 1579 professoribus
1156 1520 1448 1580 quorum
1480 1504 1716 1581 plures
1750 1519 1963 1581 opera
2001 1504 2166 1563 tunc
2199 1496 2499 1563 celebria
2546 1500 2856 1579 relique—

620 1609 794 1678 runt,
849 1609 969 1669 sed
1011 1611 1080 1670 et
1120 1626 1411 1687 graecam
1462 1610 1932 1687 linguamjam
1980 1608 2397 1679 ediscebant,
2461 1593 2597 1669 imo
2647 1607 2854 1683 hujus

621 1715 958 1777 sermonis
979 1718 1337 1795 professor
1357 1718 1629 1795 publice
1664 1718 1964 1796 legebat:
2004 1733 2132 1795 quo
2153 1719 2297 1793 jam
2327 1714 2634 1777 videmus
2655 1716 2857 1776 Cado-
2904 1763 2917 1774 .

622 1822 959 1883 mensium
979 1813 1239 1885 'civium
1273 1825 1389 1885 aut
1443 1824 1860 1885 scholarium
1892 1823 2507 1901 professorumque
2556 1823 2856 1884 mentem

620 1928 888 1989 avidum
920 1930 1115 1990 bonae
1149 1947 1481 2008 novaeque
1515 1931 1868 1993 doctrinae.
1922 1934 2172 1991 Decem
2216 1930 2372 1990 ante
2417 1928 2610 1989 annis
2655 1945 2857 2006 quam

620 2034 918 2095 instituti
955 2036 1227 2097 fuerant
1259 2038 1539 2097 Parisiis
1571 2056 1610 2098 a
1635 2036 2001 2098 Francisco
2034 2052 2199 2113 rege
2227 2035 2497 2112 regales
2529 2034 2854 2104 lectoreS‚

622 2140 737 2219 qui
769 2142 1044 2219 publice
1072 2144 1479 2208 docuerunt.
1527 2144 1799 2205 Cadomi
1830 2159 2053 2221 graeca
2091 2142 2326 2219 lingua
2377 2142 2754 2212 colebatur,
2791 2142 2860 2201 et

620 2250 696 2309 ut
727 2248 1032 2321 ParisiiS‚
1066 2249 1135 2310 in
1169 2249 1458 2327 collegio
1492 2252 1789 2312 lectores
1824 2250 2177 2311 docebant.

738 2357 1088 2440 Ceterum,
1144 2356 1274 2418 hoc
1305 2358 1645 2435 tempore,
1692 2358 1940 2419 litterae
1991 2356 2326 2418 florebant
2379 2356 2448 2416 in
2503 2355 2863 2417 Universi—

585 2460 799 2547 '.tate;
864 2478 1021 2523 nam
1060 2463 1288 2540 pluria
1346 2480 1559 2541 opera
1612 2465 1778 2525 tunc
1824 2480 1863 2524 a
1898 2461 2346 2542 typographis
2380 2454 2862 2524 Universitatis

623 2567 965 2646 impressa
1014 2570 1317 2639 fuerunt,
1353 2570 1597 2648 quibus
1648 2570 2040 2632 ostenditur
2071 2570 2400 2648 quantum
2429 2570 2863 2647 professores

624 2664 954 2737 ‘curarent
984 2677 1061 2738 ut
1110 2676 1305 2737 latini
1337 2679 1657 2739 auctores
1708 2677 1780 2738 in
1832 2677 2145 2738 manibus
2179 2675 2596 2738 scholarium
2643 2693 2866 2754 pone—

625 2782 889 2852 rentur,
929 2783 998 2843 et
1047 2799 1316 2861 quoque
1366 2784 1812 2861 grammatica
1852 2801 2066 2862 opera
2096 2806 2130 2839 «
2163 2783 2584 2872 epithemata
2613 2784 2871 2844 verbo--

624 2902 774 2949 rum
808 2910 843 2945 »
876 2889 945 2950 et
977 2905 1191 2967 opera
1228 2890 1643 2967 inclytorum
1676 2871 2035 2953 doctorum
2071 2891 2469 2951 exterarum
2504 2888 2866 2966 regionum

555 3057 570 3069 ,
623 2995 693 3055 in
726 2996 971 3074 quibus
1004 2997 1380 3059 Renovatio
1411 2997 1705 3076 vigebat,
1742 2998 1979 3065 Italiae,
2027 2996 2432 3068 Germaniae,
2466 2996 2782 3058 Bataviae.

742 3104 1072 3164 Cadomus
1113 3105 1407 3183 septima
1446 3107 1609 3166 urbs
1663 3105 1966 3167 Franciae
2030 3103 2156 3165 fuit
2198 3121 2347 3182 quae
2404 3103 2865 3182 typographos

626 3209 983 3272 habuerit:
1023 3210 1177 3272 1480
1208 3228 1409 3285 anno,
1444 3211 1743 3290 primum
1784 3229 1955 3290 opus
1987 3211 2262 3271 videtur
2291 3210 2561 3271 Cadomi
2582 3210 2870 3288 impres-

628 3333 778 3377 sum
810 3316 1042 3378 fuisse.
1079 3318 1210 3378 Sed
1243 3317 1395 3378 1402
1428 3320 1671 3385 solum.
1713 3319 2036 3380 librarius
2087 3312 2593 3388 Universitatis,
2621 3318 2868 3377 Petrus

628 3424 1037 3500 Regnaldus‚
1075 3424 1290 3502 quiin
1330 3425 1602 3502 Frigida
1640 3425 1750 3485 via
1781 3424 2150 3495 habitabat,
2187 3440 2398 3501 opera
2427 3423 2519 3484 ibi
2566 3423 2872 3484 vendidit

628 3547 779 3607 quae
812 3530 1222 3608 Rothomagi
1254 3543 1547 3592 excussa
1578 3533 1775 3592 erant
1801 3549 1815 3604 ;
1852 3531 2212 3608 sexaginta
2233 3530 2578 3592 volumina
2605 3547 2692 3592 ex
2718 3533 2870 3607 ejus

632 3636 887 3697 aedibus
921 3653 1205 3714 egressa
1236 3636 1508 3698 fuerunt
1549 3655 1588 3698 a
1630 3637 1786 3698 1492
1823 3637 1904 3698 ad
1938 3637 2131 3698 1518:
2177 3636 2640 3714 grammaticae
2680 3637 2874 3698 litte—

633 3759 864 3803 rarum
914 3743 1339 3820 antiquitatis
1384 3745 1492 3804 vel
1540 3743 1744 3805 medii
1796 3743 1920 3805 aevi
1969 3742 2446 3821 philosophiae,
2480 3742 2868 3820 theologiae,

634 3848 1195 3926 jurisprudentiae
1279 3850 1348 3911 et
1418 3850 1797 3911 medicinae.
1862 3851 2214 3911 Praeterea
2296 3849 2469 3910 alius
2548 3849 2871 3910 librarius

634 3954 1138 4028 Unive1²sitatiS‚
1173 3957 1513 4019 Robertus
1538 3956 1741 4025 Mace,
1771 3957 1886 4036 qui
1922 3958 2128 4035 juxta
2159 3956 2388 4018 Sancti
2411 3956 2600 4018 Petri
2633 3972 2870 4018 coeme-

728 4182 770 4226 1.
801 4193 871 4225 m:
900 4177 1059 4238 ΒΒΑΒ,
1098 4177 1212 4225 336.
1252 4204 1309 4212 -
1346 4177 1431 4227 De
1476 4176 1579 4227 hoc
1621 4177 1871 4227 Johanne
1916 4175 2159 4240 Goubey‚
2187 4176 2295 4239 'qui
2332 4175 2446 4226 sine
2477 4176 2638 4227 dubio
2672 4175 2872 4239 primus

632 4271 867 4320 graecam
897 4257 1140 4320 linguam
1174 4257 1417 4306 docuerit
1449 4257 1504 4306 in
1532 4257 1901 4308 Universitate
1934 4257 2254 4307 Cadomensi
2297 4256 2545 4318 quaedam
2572 4256 2872 4306 invenimus

630 4336 686 4385 in
739 4336 912 4386 Concl.
946 4336 1027 4398 II,
1094 4337 1171 4386 48.
1221 4338 1342 4386 1516
1388 4353 1544 4398 anno,
1585 4338 1821 4388 Rectore
1860 4335 2148 4400 Radulpho
2190 4337 2436 4397 Adelino,
2466 4352 2500 4386 a.
2550 4337 2776 4387 Nicolao
2820 4337 2873 4387 le

630 4417 865 4479 Masson,
910 4417 966 4466 in
1000 4432 1158 4466 sacra.
1197 4417 1399 4480 pagina
1441 4417 1675 4480 doctore,
1716 4418 1988 4468 »Iohannes
2020 4417 2246 4480 Goubey
2286 4422 2576 4467 accusatus
2614 4423 2696 4467 est
2730 4416 2874 4479 quod

630 4497 933 4561 scripsisset
958 4497 1169 4547 domino
1204 4497 1271 4547 de
1306 4497 1582 4548 Tourville
1611 4498 1838 4559 litteras
1869 4498 2064 4560 quibus
2090 4497 2337 4547 irrideret
2364 4497 2696 4560 professores
2719 4512 2874 4558 quos-

632 4577 769 4638 dam,
809 4577 1192 4628 Universitatis
1262 4577 1583 4641 suppositos,
1636 4592 1659 4624 α
1696 4578 1795 4626 ΜΞ*
1823 4615 1838 4638 ,
1858 4578 2055 4638 aiebat,
2116 4577 2169 4626 16
2220 4576 2485 4640 principal
2537 4577 2608 4626 du
2659 4577 2874 4640 college

631 4659 805 4708 Bouet
826 4664 880 4707 et
910 4674 1007 4708 son
1037 4659 1231 4721 regent
1260 4664 1485 4721 scavent
1518 4664 1709 4708 autant
1731 4659 1796 4708 de
1822 4658 1958 4708 latin
1989 4658 2099 4706 l'un
2130 4673 2334 4707 comme
2357 4657 2584 4718 l'aultre,
2607 4672 2698 4707 car
2718 4658 2784 4706 ils
2805 4673 2874 4707 ne

632 4726 939 4801 scauraient
965 4737 1078 4788 dire
1108 4754 1176 4788 en
1198 4739 1306 4789 bon
1338 4738 1497 4788 latin:
1524 4753 1547 4785 «
1582 4739 1641 4801 je
1664 4738 1774 4787 suis
1804 4755 1942 4789 venu
1979 4753 2048 4787 au
2078 4735 2548 4787 Pontheaudemer
2586 4753 2648 4787 ce
2683 4737 2875 4797 matin3

633 4833 730 4880 par
763 4834 907 4881 quoy
921 4834 990 4868 ne
1010 4817 1205 4881 perdez
1228 4823 1410 4868 vostre
1432 4818 1633 4879 enfant,
1659 4834 1728 4868 ne
1752 4833 1814 4868 sa
1830 4819 2104 4882 jeunesse‚
2124 4833 2193 4867 ne
2215 4833 2312 4868 son
2335 4823 2544 4880 argent.
2568 4834 2591 4866 ))
2618 4817 2876 4868 Nicolaus

634 4899 687 4948 le
716 4899 951 4959 Masson,
981 4913 1141 4960 quam
1170 4903 1353 4948 essent
1382 4899 1571 4948 stricta
1600 4898 1853 4949 examina
1880 4898 1931 4947 in
1966 4898 2257 4948 Facultate
2292 4898 2621 4961 Theologiae‚
2644 4913 2751 4959 qua
2774 4898 2878 4947 iste

635 4977 962 5041 principaliS,
1014 4978 1335 5029 Guillelmus
1379 4978 1452 5027 du
1499 4978 1748 5042 Chesnay
1789 4977 2063 5029 licentiam
2121 4978 2341 5028 meritus
2394 4983 2526 5039 erat,
2572 4977 2877 5027 invocabat.

636 5058 915 5109 «Iohannes
946 5058 1174 5122 Goubey
1208 5065 1480 5109 tamenex
1511 5059 1880 5110 Universitate
1908 5074 2018 5109 non
2059 5058 2162 5107 fuit
2192 5058 2473 5122 expulsus:
2514 5059 2880 5121 juramentum

639 5138 893 5202 praestitit
919 5138 975 5188 in
1003 5139 1125 5190 1517
1154 5144 1210 5189 et
1246 5140 1367 5188 1519
1394 5154 1551 5190 anno.
1583 5137 1781 5201 (Concl.
1810 5139 1881 5201 ΙΙ,
1910 5138 1956 5188 f⁰
1985 5140 2061 5201 59,
2087 5139 2183 5200 78.)
2777 5152 2779 5155 ·
