3950 5975
1962 690 2321 750 —104—

1029 850 1277 922 praesule
1322 864 1392 905 ac
1434 849 1757 905 reverendo
1806 848 1860 903 in
1919 847 2140 904 Christo
2188 855 2348 918 patre
2410 845 2647 904 donnino
2711 850 3134 919 archiepiscopo
3198 851 3258 907 εἰπε

1026 948 1340 1003 Bordeaulae
1357 947 1503 1022 (sic),
1531 954 1672 1003 tuno
1688 945 2015 1003 consiliario
2045 953 2104 1002 et
2137 946 2477 1003 cancellario
2505 948 2563 1002 in
2594 946 2760 1002 Curia
2793 949 2966 1017 regia*
2990 951 3258 1019 multique

1026 1047 1115 1102 alii
1132 1046 1410 1103 notabiles
1431 1047 1702 1102 doctores
1723 1051 1782 1101 et
1801 1046 2055 1116 magistri
2080 1047 2155 1102 ad
2182 1046 2519 1102 visitandum
2550 1045 2687 1100 alios
2717 1046 2978 1103 dominus
3010 1047 3254 1111 fuerunt,

1029 1161 1135 1217 per
1164 1144 1595 1202 Universitatem
1626 1151 1797 1215 prout
1841 1146 2133 1203 videretur
2158 1150 2505 1214 oportunum
2536 1150 2597 1199 et
2631 1142 2954 1207 secundum
2974 1147 3258 1203 arbitrium

1030 1245 1291 1300 Rectoris
1321 1246 1595 1313 deputati,
1617 1244 1700 1300 sic
1729 1244 1916 1299 omnia
1943 1244 2099 1299 hunc
2128 1243 2433 1298 articulum
2472 1243 2884 1299 concernentia
2926 1247 3070 1299 bene
3114 1247 3262 1299 sacta

1030 1342 1193 1399 suere
1206 1383 1361 1402 .....

2360 1439 2590 1495 ΟεΜοΝτ
2635 1441 2942 1499 JOHANNES.

2646 1540 2712 1592 ΙΙ.
2745 1539 2792 1593 f0
2828 1543 2926 1595 123
2958 1555 3142 1595 ret-so.

1136 1663 1280 1717 Anni
1335 1664 1601 1733 ejusdem
1660 1661 1875 1719 mensis
1924 1663 2395 1717 novembris-die
2448 1660 2676 1719 decima
2714 1655 2978 1735 septima,
3030 1667 3150 1719 lucu
3202 1671 3262 1719 et

1034 1763 1173 1816 hora
1235 1761 1574 1829 suin-adicus
1618 1760 1724 1816 fuit
1768 1760 2114 1815 Universitas
2155 1760 2345 1815 debite
2392 1767 2745 1830 congregata
2807 1777 2978 1831 supra
3042 1763 3258 1819 duobus

1033 1859 1306 1915 articulis,
1354 1859 1574 1914 Primus
1598 1873 1772 1927 supra
1797 1858 2075 1927 aliquibus
2119 1859 2396 1913 honorem
2443 1863 2505 1913 et
2546 1859 2845 1915 utilitatem
2885 1862 3262 1915 [inimi-sitatis

1033 1955 1593 2013 concernentibus...
1630 1955 1912 2022 Quantum
1941 1957 2014 2010 ad
2041 1954 2311 2025 primum,
2343 1962 2542 2025 aperto
2573 1970 2683 2028 per
2707 1967 2994 2014 rectorem
3026 1959 3262 2027 qualiter

1037 2069 1214 2124 super
1241 2051 1495 2109 articulis
1526 2054 1701 2123 regiae
1727 2054 2050 2110 celsitudini
2089 2054 2547 2110 christianissimi
2575 2055 2794 2109 Domini
2838 2055 3018 2111 nostri
3046 2071 3178 2123 rege
3206 2063 3266 2111 et

1034 2152 1413 2209 illustrissimo
1449 2152 1688 2221 principi
1731 2153 1960 2208 domino
2002 2152 2151 2207 duce
2199 2153 2272 2208 de
2313 2150 2629 2208 Alenconio
2659 2168 2731 2208 ex
2777 2158 2938 2223 parte
2982 2155 3266 2223 pertinere

1038 2251 1393 2305 Universitati
1429 2251 1786 2319 praesentatis
1829 2250 2047 2306 nullum
2091 2264 2331 2319 prorsus
2375 2251 2652 2324 consequi
2673 2256 2938 2320 potuerat
2982 2251 3266 2307 affectum.

1040 2349 1372 2418 Quanquam
1411 2349 1758 2404 verbotenus
1803 2348 1981 2403 multa
2018 2349 2181 2404 nobis
2211 2349 2569 2420 promisisset
2595 2350 2745 2404 bona
2774 2356 2831 2405 et
2874 2351 2982 2404 huc
3022 2359 3082 2407 ut
3118 2351 3270 2407 fere*

1038 2448 1206 2503 batur
1239 2452 1478 2516 propter
1520 2447 1737 2502 domini
1766 2447 2090 2502 cancellarii
2117 2452 2257 2502 tunc
2285 2463 2320 2502 a
2362 2446 2527 2502 Curia
2555 2448 2709 2516 regis
2738 2447 3070 2515 absentiam,
3102 2455 3274 2519 prout

1043 2558 1152 2600 nec
1209 2544 1421 2599 domini
1471 2544 1797 2613 burgenses
1847 2542 2233 2602 Cadomenses
2288 2546 2345 2599 in
2400 2546 2519 2601 suis
2567 2547 2855 2614 requestis
2898 2547 3274 2615 parifurinitcr

1043 2656 1464 2711 quemcumque
1492 2648 1760 2712 poterant
1781 2658 1814 2697 a
1841 2644 2001 2715 regia
2028 2643 2329 2714 majestate
2357 2644 2628 2699 affectum
2658 2639 2986 2713 reportasse
3006 2647 3274 2699 votivum.

1045 2739 1165 2806 Qua
1203 2741 1276 2795 de
1318 2755 1384 2796 re
1432 2742 1740 2796 nonnullos
1782 2741 2062 2796 notabiles
2100 2740 2273 2811 hujus
2321 2743 2510 2810 oppidi
2550 2743 2703 2798 cives
2744 2743 2893 2797 inter
2926 2759 2990 2795 sa
3024 2743 3278 2799 corditer

1047 2840 1345 2907 elegerant
1396 2840 1469 2894 ad
1520 2840 1752 2907 Regiam
1813 2841 2173 2909 majestatem
2235 2840 2386 2909 apud
2448 2824 2865 2911 Rothomagum
2922 2855 3026 2911 pru
3070 2843 3278 2899 litteris

1045 2952 1278 2993 suarum
1312 2937 1784 3008 supplicationum
1815 2938 2187 3008 expediendis
2215 2938 2351 2994 satis
2371 2938 2557 2994 subito
2586 2939 2926 2995 transituros
2962 2963 2986 2988 μ
3009 2939 3046 3008 ¹,

2137 3207 2183 3260 11

1208 3410 1503 3468 Finem-ras
1532 3425 1626 3474 om
1654 3425 1982 3467 summ-:MA
2010 3425 2435 3469 PRAESTITERUNT
2470 3414 2623 3479 1555,
2656 3427 2805 3469 anuo
2836 3427 2970 3469 rosv
3006 3428 3126 3468 [rna

1908 3523 2225 3565 raANSOESm
2270 3509 2435 3566 Pium

2819 3598 2974 3644 (Conci,
3002 3608 3038 3644 u¹
3066 3600 3098 3636 τῦ
3126 3600 3218 3644 suin]

1145 3731 1404 3783 Rectoria
1437 3731 1702 3797 Stephani
1731 3731 1960 3798 Bouyon
1993 3733 2053 3782 in
2090 3732 2291 3783 oedibus
2327 3733 2581 3798 maqister
2615 3750 2679 3784 ac
2710 3733 2886 3784 sacris
2914 3732 2970 3784 iu
3006 3732 3194 3784 {itteris

1983 3819 2343 3873 baccalaurei.

1843 3975 2183 4032 ‘rammam
2219 3989 2495 4047 mcum-As

1053 4136 1199 4204 Mag.
1374 4135 1722 4190 Castellanus
1751 4135 1805 4190 le
1837 4135 2092 4203 Cordier‚
2123 4150 2227 4205 pro
2254 4136 2528 4192 Gulielmo
2578 4138 2656 4193 du
2708 4138 2990 4212 Quesnayss
3046 4148 3286 4208 propter

1441 4233 1798 4289 infirmitates
1844 4239 2169 4303 excusatus
2203 4238 2262 4289 et
2288 4235 2580 4291 Johannes
2610 4236 2687 4291 du
2714 4237 2978 4306 Vergier‚
3010 4240 3238 4292 aliaeue.

1377 4331 1580 4387 Petrus
1611 4332 1683 4387 de
1713 4331 1966 4390 Gremio,

1763 4510 1918 4565 Jums
1957 4524 2261 4568 nominem
2298 4523 2574 4567 moun-ras

1376 4671 1666 4726 Johannes
1695 4669 1933 4727 Gaudin.

1375 4768 1581 4823 Petrus
1610 4768 1928 4839 Lalongny.

1149 4981 1571 5034 i.-Universitas
1607 4983 1820 5048 legatos
1852 4983 1997 5035 misit
2030 4984 2099 5035 ad
2137 4984 2550 5050 Rothomagum,
2583 4985 2677 5050 qui
2714 4985 2926 5048 quidem
2962 4988 3034 5036 niI
3065 5004 3090 5036 c
3130 4988 3282 5052 Ruga

1056 5062 1425 5115 obtinuerunt.
