<?xml version="1.0" encoding="UTF-8"?>
<!DOCTYPE html PUBLIC "-//W3C//DTD XHTML 1.0 Transitional//EN"
    "http://www.w3.org/TR/xhtml1/DTD/xhtml1-transitional.dtd">
<html xmlns="http://www.w3.org/1999/xhtml" xml:lang="en" lang="en">
 <head>
  <title>
</title>
<meta http-equiv="Content-Type" content="text/html;charset=utf-8" />
  <meta name='ocr-system' content='tesseract 3.04.00' />
  <meta name='ocr-capabilities' content='ocr_page ocr_carea ocr_par ocr_line ocrx_word'/>
</head>
<body>
  <div class='ocr_page' id='page_1' title='image "./renovatioacrefo00prengoog_0042.png"; bbox 0 0 3950 5975; ppageno 0'>
   <div class='ocr_carea' id='block_1_1' title="bbox 844 654 1083 740">
    <p class='ocr_par' dir='ltr' id='par_1_1' title="bbox 844 654 1083 740">
     <span class='ocr_line' id='line_1_1' title="bbox 844 654 1083 740; baseline 0 -17"><span class='ocrx_word' id='word_1_1' title='bbox 844 676 995 740; x_wconf 82' lang='lat'><strong>..7..</strong></span> <span class='ocrx_word' id='word_1_2' title='bbox 1082 654 1083 659; x_wconf 72' lang='grc'>’</span> 
     </span>
    </p>
   </div>
   <div class='ocr_carea' id='block_1_2' title="bbox 271 821 1575 3487">
    <p class='ocr_par' dir='ltr' id='par_1_2' title="bbox 271 821 1575 3487">
     <span class='ocr_line' id='line_1_2' title="bbox 358 821 1481 921; baseline 0.007 -20"><span class='ocrx_word' id='word_1_3' title='bbox 358 858 402 904; x_wconf 89' lang='lat' dir='ltr'><strong>ne</strong></span> <span class='ocrx_word' id='word_1_4' title='bbox 433 839 602 917; x_wconf 86' lang='lat' dir='ltr'><strong>devoyent</strong></span> <span class='ocrx_word' id='word_1_5' title='bbox 633 840 654 899; x_wconf 80' lang='lat'><strong>¹,</strong></span> <span class='ocrx_word' id='word_1_6' title='bbox 673 860 691 894; x_wconf 68' lang='lat' dir='ltr'><strong>s</strong></span> <span class='ocrx_word' id='word_1_7' title='bbox 719 835 759 899; x_wconf 87' lang='lat' dir='ltr'><strong>lli</strong></span> <span class='ocrx_word' id='word_1_8' title='bbox 789 836 926 916; x_wconf 86' lang='lat' dir='ltr'><strong>quidem</strong></span> <span class='ocrx_word' id='word_1_9' title='bbox 960 840 1066 921; x_wconf 87' lang='lat' dir='ltr'><strong>periti</strong></span> <span class='ocrx_word' id='word_1_10' title='bbox 1101 821 1333 907; x_wconf 84' lang='lat' dir='ltr'><strong>mercatores</strong></span> <span class='ocrx_word' id='word_1_11' title='bbox 1354 844 1481 909; x_wconf 87' lang='lat' dir='ltr'><strong>fiebant</strong></span> 
     </span>
     <span class='ocr_line' id='line_1_3' title="bbox 271 931 1575 1030; baseline 0.005 -23"><span class='ocrx_word' id='word_1_12' title='bbox 271 1023 273 1026; x_wconf 15' lang='grc' dir='ltr'>Ι</span> <span class='ocrx_word' id='word_1_13' title='bbox 359 946 528 1030; x_wconf 82' lang='lat' dir='ltr'><strong>suppositi</strong></span> <span class='ocrx_word' id='word_1_14' title='bbox 557 942 809 1015; x_wconf 75' lang='lat' dir='ltr'><strong>UniversitatiS‚</strong></span> <span class='ocrx_word' id='word_1_15' title='bbox 839 945 878 1006; x_wconf 93' lang='lat' dir='ltr'><strong>ut</strong></span> <span class='ocrx_word' id='word_1_16' title='bbox 902 945 1136 1020; x_wconf 87' lang='lat' dir='ltr'><strong>juvaminibus</strong></span> <span class='ocrx_word' id='word_1_17' title='bbox 1155 948 1326 1013; x_wconf 90' lang='lat' dir='ltr'><strong>immunes</strong></span> <span class='ocrx_word' id='word_1_18' title='bbox 1350 931 1479 1024; x_wconf 77' lang='lat' dir='ltr'>essent,</span> <span class='ocrx_word' id='word_1_19' title='bbox 1574 968 1575 971; x_wconf 69' lang='grc'>’</span> 
     </span>
     <span class='ocr_line' id='line_1_4' title="bbox 359 1036 1477 1136; baseline 0.004 -20"><span class='ocrx_word' id='word_1_20' title='bbox 359 1042 605 1136; x_wconf 62' lang='grc' dir='ltr'><strong>11110111ῑοθ11111</strong></span> <span class='ocrx_word' id='word_1_21' title='bbox 660 1052 852 1127; x_wconf 77' lang='lat' dir='ltr'><strong>burgenses</strong></span> <span class='ocrx_word' id='word_1_22' title='bbox 904 1052 1020 1116; x_wconf 89' lang='lat' dir='ltr'><strong>autem</strong></span> <span class='ocrx_word' id='word_1_23' title='bbox 1065 1070 1133 1115; x_wconf 93' lang='lat' dir='ltr'><strong>non</strong></span> <span class='ocrx_word' id='word_1_24' title='bbox 1181 1056 1285 1135; x_wconf 91' lang='lat' dir='ltr'><strong>longe</strong></span> <span class='ocrx_word' id='word_1_25' title='bbox 1324 1036 1477 1121; x_wconf 88' lang='lat' dir='ltr'><strong>tolerare</strong></span> 
     </span>
     <span class='ocr_line' id='line_1_5' title="bbox 355 1156 1477 1245; baseline 0.004 -24"><span class='ocrx_word' id='word_1_26' title='bbox 355 1160 559 1223; x_wconf 90' lang='lat' dir='ltr'><strong>voluerunt:</strong></span> <span class='ocrx_word' id='word_1_27' title='bbox 577 1174 653 1219; x_wconf 91' lang='lat' dir='ltr'><strong>nam</strong></span> <span class='ocrx_word' id='word_1_28' title='bbox 665 1156 714 1218; x_wconf 90' lang='lat' dir='ltr'><strong>ita</strong></span> <span class='ocrx_word' id='word_1_29' title='bbox 730 1157 961 1219; x_wconf 73' lang='lat' dir='ltr'><strong>abutebantur</strong></span> <span class='ocrx_word' id='word_1_30' title='bbox 975 1160 1144 1237; x_wconf 74' lang='lat' dir='ltr'><strong>suppositi</strong></span> <span class='ocrx_word' id='word_1_31' title='bbox 1157 1162 1212 1223; x_wconf 94' lang='lat' dir='ltr'><strong>ut:</strong></span> <span class='ocrx_word' id='word_1_32' title='bbox 1230 1184 1247 1218; x_wconf 83' lang='lat'>«</span> <span class='ocrx_word' id='word_1_33' title='bbox 1260 1162 1320 1245; x_wconf 47' lang='lat' dir='ltr'><strong>lies</strong></span> <span class='ocrx_word' id='word_1_34' title='bbox 1331 1164 1477 1227; x_wconf 84' lang='lat' dir='ltr'><strong>denrees</strong></span> 
     </span>
     <span class='ocr_line' id='line_1_6' title="bbox 355 1263 1479 1349; baseline 0.004 -22"><span class='ocrx_word' id='word_1_35' title='bbox 355 1266 416 1328; x_wconf 90' lang='lat' dir='ltr'><strong>des</strong></span> <span class='ocrx_word' id='word_1_36' title='bbox 441 1266 570 1328; x_wconf 79' lang='lat' dir='ltr'><strong>termes</strong></span> <span class='ocrx_word' id='word_1_37' title='bbox 599 1263 835 1339; x_wconf 89' lang='lat' dir='ltr'><strong>diminuoyent</strong></span> <span class='ocrx_word' id='word_1_38' title='bbox 864 1265 1137 1342; x_wconf 83' lang='lat' dir='ltr'><strong>aparentoment,</strong></span> <span class='ocrx_word' id='word_1_39' title='bbox 1154 1268 1196 1329; x_wconf 91' lang='lat' dir='ltr'><strong>de</strong></span> <span class='ocrx_word' id='word_1_40' title='bbox 1226 1268 1320 1331; x_wconf 90' lang='lat' dir='ltr'><strong>sorte</strong></span> <span class='ocrx_word' id='word_1_41' title='bbox 1351 1270 1431 1349; x_wconf 81' lang='lat' dir='ltr'><strong>qu&#39;il</strong></span> <span class='ocrx_word' id='word_1_42' title='bbox 1458 1290 1479 1348; x_wconf 91' lang='lat' dir='ltr'>y</span> 
     </span>
     <span class='ocr_line' id='line_1_7' title="bbox 355 1370 1478 1455; baseline 0.004 -20"><span class='ocrx_word' id='word_1_43' title='bbox 355 1372 445 1435; x_wconf 91' lang='lat' dir='ltr'><strong>avoit</strong></span> <span class='ocrx_word' id='word_1_44' title='bbox 470 1372 601 1450; x_wconf 85' lang='lat' dir='ltr'><strong>danger</strong></span> <span class='ocrx_word' id='word_1_45' title='bbox 616 1370 715 1451; x_wconf 86' lang='lat' dir='ltr'><strong>qu’ils</strong></span> <span class='ocrx_word' id='word_1_46' title='bbox 739 1386 782 1431; x_wconf 88' lang='lat' dir='ltr'><strong>ne</strong></span> <span class='ocrx_word' id='word_1_47' title='bbox 810 1372 977 1448; x_wconf 89' lang='lat' dir='ltr'><strong>peussent</strong></span> <span class='ocrx_word' id='word_1_48' title='bbox 1003 1373 1120 1435; x_wconf 87' lang='lat' dir='ltr'><strong>suffire</strong></span> <span class='ocrx_word' id='word_1_49' title='bbox 1144 1390 1233 1452; x_wconf 92' lang='lat' dir='ltr'><strong>pour</strong></span> <span class='ocrx_word' id='word_1_50' title='bbox 1253 1376 1283 1437; x_wconf 89' lang='lat' dir='ltr'><strong>le</strong></span> <span class='ocrx_word' id='word_1_51' title='bbox 1303 1374 1478 1455; x_wconf 87' lang='lat' dir='ltr'><strong>paiement</strong></span> 
     </span>
     <span class='ocr_line' id='line_1_8' title="bbox 355 1466 1418 1543; baseline -0.007 -2"><span class='ocrx_word' id='word_1_52' title='bbox 355 1474 706 1543; x_wconf 75' lang='lat' dir='ltr'><strong>desditesTailles2.»</strong></span> <span class='ocrx_word' id='word_1_53' title='bbox 1230 1466 1234 1473; x_wconf 82' lang='grc'><strong>’</strong></span> <span class='ocrx_word' id='word_1_54' title='bbox 1279 1495 1281 1503; x_wconf 72' lang='lat'>‚</span> <span class='ocrx_word' id='word_1_55' title='bbox 1415 1482 1418 1487; x_wconf 87' lang='grc'><em>·</em></span> 
     </span>
     <span class='ocr_line' id='line_1_9' title="bbox 415 1582 1478 1663; baseline 0.004 -16"><span class='ocrx_word' id='word_1_56' title='bbox 415 1585 643 1648; x_wconf 76' lang='lat' dir='ltr'><strong>cadomenses</strong></span> <span class='ocrx_word' id='word_1_57' title='bbox 666 1582 781 1644; x_wconf 86' lang='lat' dir='ltr'><strong>autem</strong></span> <span class='ocrx_word' id='word_1_58' title='bbox 797 1582 832 1642; x_wconf 91' lang='lat' dir='ltr'><strong>in</strong></span> <span class='ocrx_word' id='word_1_59' title='bbox 853 1582 1026 1659; x_wconf 90' lang='lat' dir='ltr'><strong>justitiam</strong></span> <span class='ocrx_word' id='word_1_60' title='bbox 1052 1585 1154 1663; x_wconf 90' lang='lat' dir='ltr'><strong>Regis</strong></span> <span class='ocrx_word' id='word_1_61' title='bbox 1172 1602 1246 1648; x_wconf 89' lang='lat' dir='ltr'><strong>eam</strong></span> <span class='ocrx_word' id='word_1_62' title='bbox 1263 1586 1359 1649; x_wconf 89' lang='lat' dir='ltr'><strong>litem</strong></span> <span class='ocrx_word' id='word_1_63' title='bbox 1373 1605 1478 1651; x_wconf 90' lang='lat' dir='ltr'><strong>voca-</strong></span> 
     </span>
     <span class='ocr_line' id='line_1_10' title="bbox 352 1688 1476 1770; baseline 0.004 -15"><span class='ocrx_word' id='word_1_64' title='bbox 352 1692 489 1763; x_wconf 87' lang='lat' dir='ltr'><strong>verunt,</strong></span> <span class='ocrx_word' id='word_1_65' title='bbox 507 1690 700 1770; x_wconf 74' lang='lat' dir='ltr'><strong>qui&#39;quinto</strong></span> <span class='ocrx_word' id='word_1_66' title='bbox 713 1688 850 1767; x_wconf 85' lang='lat' dir='ltr'><strong>augusti</strong></span> <span class='ocrx_word' id='word_1_67' title='bbox 861 1689 990 1751; x_wconf 86' lang='lat' dir='ltr'><strong>mensis</strong></span> <span class='ocrx_word' id='word_1_68' title='bbox 1006 1690 1060 1753; x_wconf 89' lang='lat' dir='ltr'><strong>die</strong></span> <span class='ocrx_word' id='word_1_69' title='bbox 1078 1691 1155 1753; x_wconf 83' lang='lat'>1485</span> <span class='ocrx_word' id='word_1_70' title='bbox 1177 1692 1257 1754; x_wconf 85' lang='lat' dir='ltr'><strong>anni</strong></span> <span class='ocrx_word' id='word_1_71' title='bbox 1273 1694 1323 1755; x_wconf 89' lang='lat' dir='ltr'><strong>eis</strong></span> <span class='ocrx_word' id='word_1_72' title='bbox 1342 1693 1476 1761; x_wconf 81' lang='lat' dir='ltr'><strong>litteras</strong></span> 
     </span>
     <span class='ocr_line' id='line_1_11' title="bbox 353 1795 1474 1876; baseline 0.002 -15"><span class='ocrx_word' id='word_1_73' title='bbox 353 1815 458 1861; x_wconf 88' lang='lat' dir='ltr'><strong>novas</strong></span> <span class='ocrx_word' id='word_1_74' title='bbox 470 1796 604 1868; x_wconf 89' lang='lat' dir='ltr'><strong>tribuit,</strong></span> <span class='ocrx_word' id='word_1_75' title='bbox 615 1796 748 1875; x_wconf 43' lang='lat' dir='ltr'><strong>*quibus</strong></span> <span class='ocrx_word' id='word_1_76' title='bbox 768 1796 913 1872; x_wconf 89' lang='lat' dir='ltr'><strong>jubebat</strong></span> <span class='ocrx_word' id='word_1_77' title='bbox 928 1795 1102 1866; x_wconf 89' lang='lat' dir='ltr'><strong>baillivum</strong></span> <span class='ocrx_word' id='word_1_78' title='bbox 1116 1815 1242 1876; x_wconf 88' lang='lat' dir='ltr'><strong>cogere</strong></span> <span class='ocrx_word' id='word_1_79' title='bbox 1256 1800 1474 1876; x_wconf 86' lang='lat' dir='ltr'><strong>domesticos,</strong></span> 
     </span>
     <span class='ocr_line' id='line_1_12' title="bbox 353 1900 1478 1987; baseline 0.004 -22"><span class='ocrx_word' id='word_1_80' title='bbox 353 1904 529 1967; x_wconf 77' lang='lat' dir='ltr'><strong>scholares</strong></span> <span class='ocrx_word' id='word_1_81' title='bbox 550 1904 584 1965; x_wconf 91' lang='lat' dir='ltr'><strong>et</strong></span> <span class='ocrx_word' id='word_1_82' title='bbox 601 1902 799 1981; x_wconf 87' lang='lat' dir='ltr'><strong>suppositos</strong></span> <span class='ocrx_word' id='word_1_83' title='bbox 823 1900 1066 1964; x_wconf 88' lang='lat' dir='ltr'><strong>Universitatis</strong></span> <span class='ocrx_word' id='word_1_84' title='bbox 1089 1904 1129 1965; x_wconf 90' lang='lat' dir='ltr'><strong>ad</strong></span> <span class='ocrx_word' id='word_1_85' title='bbox 1144 1905 1326 1983; x_wconf 91' lang='lat' dir='ltr'><strong>publicano</strong></span> <span class='ocrx_word' id='word_1_86' title='bbox 1354 1925 1478 1987; x_wconf 88' lang='lat' dir='ltr'><strong>supra-</strong></span> 
     </span>
     <span class='ocr_line' id='line_1_13' title="bbox 352 2008 1476 2091; baseline 0.004 -18"><span class='ocrx_word' id='word_1_87' title='bbox 352 2010 524 2073; x_wconf 90' lang='lat' dir='ltr'><strong>dictorum</strong></span> <span class='ocrx_word' id='word_1_88' title='bbox 558 2008 775 2086; x_wconf 87' lang='lat' dir='ltr'><strong>juvaminum</strong></span> <span class='ocrx_word' id='word_1_89' title='bbox 812 2008 1059 2071; x_wconf 80' lang='lat' dir='ltr'><strong>exsolvendum</strong></span> <span class='ocrx_word' id='word_1_90' title='bbox 1097 2032 1115 2067; x_wconf 79' lang='lat'>«</span> <span class='ocrx_word' id='word_1_91' title='bbox 1147 2028 1187 2073; x_wconf 91' lang='lat' dir='ltr'><strong>ce</strong></span> <span class='ocrx_word' id='word_1_92' title='bbox 1215 2012 1314 2091; x_wconf 88' lang='lat' dir='ltr'><strong>qu&#39;ils</strong></span> <span class='ocrx_word' id='word_1_93' title='bbox 1356 2015 1476 2077; x_wconf 88' lang='lat' dir='ltr'><strong>serent</strong></span> 
     </span>
     <span class='ocr_line' id='line_1_14' title="bbox 352 2114 1475 2199; baseline 0.004 -22"><span class='ocrx_word' id='word_1_94' title='bbox 352 2116 669 2179; x_wconf 87' lang='lat' dir='ltr'><strong>raisonnablement</strong></span> <span class='ocrx_word' id='word_1_95' title='bbox 694 2116 836 2177; x_wconf 87' lang='lat' dir='ltr'><strong>trouves</strong></span> <span class='ocrx_word' id='word_1_96' title='bbox 859 2114 978 2177; x_wconf 79' lang='lat' dir='ltr'><strong>devoir</strong></span> <span class='ocrx_word' id='word_1_97' title='bbox 1003 2116 1062 2177; x_wconf 90' lang='lat' dir='ltr'><strong>des</strong></span> <span class='ocrx_word' id='word_1_98' title='bbox 1092 2116 1349 2181; x_wconf 89' lang='lat' dir='ltr'><strong>marchandises</strong></span> <span class='ocrx_word' id='word_1_99' title='bbox 1379 2120 1475 2199; x_wconf 89' lang='lat' dir='ltr'><strong>qu&#39;ils</strong></span> 
     </span>
     <span class='ocr_line' id='line_1_15' title="bbox 352 2217 1477 2307; baseline 0.001 -21"><span class='ocrx_word' id='word_1_100' title='bbox 352 2224 467 2286; x_wconf 84' lang='lat' dir='ltr'><strong>ieront</strong></span> <span class='ocrx_word' id='word_1_101' title='bbox 482 2229 597 2287; x_wconf 86' lang='lat' dir='ltr'><strong>autres</strong></span> <span class='ocrx_word' id='word_1_102' title='bbox 613 2238 680 2300; x_wconf 90' lang='lat' dir='ltr'><strong>que</strong></span> <span class='ocrx_word' id='word_1_103' title='bbox 707 2222 750 2283; x_wconf 91' lang='lat' dir='ltr'><strong>de</strong></span> <span class='ocrx_word' id='word_1_104' title='bbox 778 2217 857 2283; x_wconf 91' lang='lat' dir='ltr'><strong>leur</strong></span> <span class='ocrx_word' id='word_1_105' title='bbox 881 2222 1017 2297; x_wconf 75' lang='lat' dir='ltr'><strong>metior,</strong></span> <span class='ocrx_word' id='word_1_106' title='bbox 1036 2239 1097 2285; x_wconf 90' lang='lat' dir='ltr'><strong>cru</strong></span> <span class='ocrx_word' id='word_1_107' title='bbox 1114 2225 1148 2285; x_wconf 92' lang='lat' dir='ltr'><strong>et</strong></span> <span class='ocrx_word' id='word_1_108' title='bbox 1168 2240 1298 2287; x_wconf 89' lang='lat' dir='ltr'><strong>revenu</strong></span> <span class='ocrx_word' id='word_1_109' title='bbox 1318 2226 1343 2307; x_wconf 73' lang='lat'><strong>³=</strong></span> <span class='ocrx_word' id='word_1_110' title='bbox 1357 2248 1371 2285; x_wconf 75' lang='lat' dir='ltr'><strong>a</strong></span> <span class='ocrx_word' id='word_1_111' title='bbox 1390 2226 1477 2287; x_wconf 89' lang='lat' dir='ltr'><strong>Uni-</strong></span> 
     </span>
     <span class='ocr_line' id='line_1_16' title="bbox 350 2328 1474 2417; baseline 0.004 -26"><span class='ocrx_word' id='word_1_112' title='bbox 350 2330 499 2392; x_wconf 87' lang='lat' dir='ltr'><strong>versitas</strong></span> <span class='ocrx_word' id='word_1_113' title='bbox 526 2330 643 2392; x_wconf 87' lang='lat' dir='ltr'><strong>autem</strong></span> <span class='ocrx_word' id='word_1_114' title='bbox 668 2344 759 2390; x_wconf 92' lang='lat' dir='ltr'><strong>nunc</strong></span> <span class='ocrx_word' id='word_1_115' title='bbox 785 2328 972 2417; x_wconf 71' lang='lat' dir='ltr'><strong>clamabat:</strong></span> <span class='ocrx_word' id='word_1_116' title='bbox 996 2346 1079 2407; x_wconf 88' lang='lat' dir='ltr'><strong>quas</strong></span> <span class='ocrx_word' id='word_1_117' title='bbox 1102 2331 1262 2408; x_wconf 86' lang='lat' dir='ltr'><strong>querelas</strong></span> <span class='ocrx_word' id='word_1_118' title='bbox 1291 2334 1365 2393; x_wconf 85' lang='lat' dir='ltr'><strong>Rex</strong></span> <span class='ocrx_word' id='word_1_119' title='bbox 1388 2334 1474 2395; x_wconf 90' lang='lat' dir='ltr'><strong>bene</strong></span> 
     </span>
     <span class='ocr_line' id='line_1_17' title="bbox 351 2419 1471 2516; baseline 0.002 -18"><span class='ocrx_word' id='word_1_120' title='bbox 351 2436 491 2506; x_wconf 88' lang='lat' dir='ltr'><strong>audivit,</strong></span> <span class='ocrx_word' id='word_1_121' title='bbox 522 2437 558 2498; x_wconf 90' lang='lat' dir='ltr'><strong>et</strong></span> <span class='ocrx_word' id='word_1_122' title='bbox 587 2435 745 2511; x_wconf 85' lang='lat' dir='ltr'><strong>ejusdem</strong></span> <span class='ocrx_word' id='word_1_123' title='bbox 774 2434 852 2496; x_wconf 88' lang='lat' dir='ltr'><strong>anni</strong></span> <span class='ocrx_word' id='word_1_124' title='bbox 884 2419 982 2497; x_wconf 82' lang='lat' dir='ltr'><strong>sexto</strong></span> <span class='ocrx_word' id='word_1_125' title='bbox 1013 2436 1146 2499; x_wconf 90' lang='lat' dir='ltr'><strong>decimo</strong></span> <span class='ocrx_word' id='word_1_126' title='bbox 1175 2431 1379 2516; x_wconf 77' lang='lat' dir='ltr'><strong>septembris</strong></span> <span class='ocrx_word' id='word_1_127' title='bbox 1407 2438 1471 2515; x_wconf 85' lang='lat' dir='ltr'><strong>dte,</strong></span> 
     </span>
     <span class='ocr_line' id='line_1_18' title="bbox 350 2540 1476 2620; baseline 0.002 -15"><span class='ocrx_word' id='word_1_128' title='bbox 350 2541 519 2606; x_wconf 89' lang='lat' dir='ltr'><strong>mandatis</strong></span> <span class='ocrx_word' id='word_1_129' title='bbox 536 2541 650 2604; x_wconf 88' lang='lat' dir='ltr'><strong>missis</strong></span> <span class='ocrx_word' id='word_1_130' title='bbox 669 2567 682 2597; x_wconf 88' lang='lat'>«</span> <span class='ocrx_word' id='word_1_131' title='bbox 701 2540 921 2619; x_wconf 86' lang='lat' dir='ltr'><strong>generalibus</strong></span> <span class='ocrx_word' id='word_1_132' title='bbox 939 2542 981 2603; x_wconf 91' lang='lat' dir='ltr'><strong>de</strong></span> <span class='ocrx_word' id='word_1_133' title='bbox 997 2542 1087 2605; x_wconf 82' lang='lat' dir='ltr'><strong>sacto</strong></span> <span class='ocrx_word' id='word_1_134' title='bbox 1104 2543 1321 2620; x_wconf 86' lang='lat' dir='ltr'><strong>juvaminum</strong></span> <span class='ocrx_word' id='word_1_135' title='bbox 1342 2545 1476 2607; x_wconf 85' lang='lat' dir='ltr'><strong>Retho-</strong></span> 
     </span>
     <span class='ocr_line' id='line_1_19' title="bbox 351 2639 1510 2733; baseline 0.002 -22"><span class='ocrx_word' id='word_1_136' title='bbox 351 2649 441 2728; x_wconf 84' lang='lat' dir='ltr'><strong>magi</strong></span> <span class='ocrx_word' id='word_1_137' title='bbox 456 2671 473 2705; x_wconf 80' lang='grc'><strong>»</strong></span> <span class='ocrx_word' id='word_1_138' title='bbox 498 2650 534 2711; x_wconf 91' lang='lat' dir='ltr'><strong>et</strong></span> <span class='ocrx_word' id='word_1_139' title='bbox 555 2671 573 2705; x_wconf 83' lang='lat'><strong>«</strong></span> <span class='ocrx_word' id='word_1_140' title='bbox 588 2639 854 2711; x_wconf 81' lang='lat' dir='ltr'><strong>Gadomensibus</strong></span> <span class='ocrx_word' id='word_1_141' title='bbox 876 2648 997 2710; x_wconf 87' lang='lat' dir='ltr'><strong>electis</strong></span> <span class='ocrx_word' id='word_1_142' title='bbox 1015 2671 1044 2720; x_wconf 70' lang='lat' dir='ltr'><strong>s,</strong></span> <span class='ocrx_word' id='word_1_143' title='bbox 1067 2666 1126 2711; x_wconf 90' lang='lat' dir='ltr'><strong>eos</strong></span> <span class='ocrx_word' id='word_1_144' title='bbox 1153 2652 1313 2712; x_wconf 89' lang='lat' dir='ltr'><strong>monebat</strong></span> <span class='ocrx_word' id='word_1_145' title='bbox 1341 2652 1474 2713; x_wconf 87' lang='lat' dir='ltr'><strong>litteras</strong></span> <span class='ocrx_word' id='word_1_146' title='bbox 1508 2730 1510 2733; x_wconf 87' lang='lat'>.</span> 
     </span>
     <span class='ocr_line' id='line_1_20' title="bbox 350 2754 1474 2836; baseline 0.002 -19"><span class='ocrx_word' id='word_1_147' title='bbox 350 2756 486 2834; x_wconf 88' lang='lat' dir='ltr'><strong>regales</strong></span> <span class='ocrx_word' id='word_1_148' title='bbox 518 2754 700 2835; x_wconf 87' lang='lat' dir='ltr'><strong>superiore</strong></span> <span class='ocrx_word' id='word_1_149' title='bbox 725 2771 845 2816; x_wconf 87' lang='lat' dir='ltr'><strong>meuse</strong></span> <span class='ocrx_word' id='word_1_150' title='bbox 872 2771 1068 2825; x_wconf 80' lang='lat' dir='ltr'><strong>concessas,</strong></span> <span class='ocrx_word' id='word_1_151' title='bbox 1094 2757 1291 2836; x_wconf 88' lang='lat' dir='ltr'><strong>subreptice</strong></span> <span class='ocrx_word' id='word_1_152' title='bbox 1317 2759 1474 2820; x_wconf 88' lang='lat' dir='ltr'><strong>obtentas</strong></span> 
     </span>
     <span class='ocr_line' id='line_1_21' title="bbox 350 2861 1474 2941; baseline 0.004 -18"><span class='ocrx_word' id='word_1_153' title='bbox 350 2879 453 2923; x_wconf 87' lang='lat' dir='ltr'><strong>esse:</strong></span> <span class='ocrx_word' id='word_1_154' title='bbox 489 2861 669 2941; x_wconf 88' lang='lat' dir='ltr'><strong>privilegia</strong></span> <span class='ocrx_word' id='word_1_155' title='bbox 698 2863 813 2923; x_wconf 89' lang='lat' dir='ltr'><strong>autem</strong></span> <span class='ocrx_word' id='word_1_156' title='bbox 849 2861 1091 2923; x_wconf 84' lang='lat' dir='ltr'><strong>Universitatis</strong></span> <span class='ocrx_word' id='word_1_157' title='bbox 1129 2862 1266 2941; x_wconf 89' lang='lat' dir='ltr'><strong>integra</strong></span> <span class='ocrx_word' id='word_1_158' title='bbox 1299 2880 1376 2926; x_wconf 85' lang='lat' dir='ltr'><strong>esse</strong></span> <span class='ocrx_word' id='word_1_159' title='bbox 1401 2868 1474 2927; x_wconf 84' lang='lat' dir='ltr'><strong>Rex</strong></span> 
     </span>
     <span class='ocr_line' id='line_1_22' title="bbox 349 2968 1473 3049; baseline 0.003 -19"><span class='ocrx_word' id='word_1_160' title='bbox 349 2968 484 3032; x_wconf 82' lang='lat' dir='ltr'><strong>volebat</strong></span> <span class='ocrx_word' id='word_1_161' title='bbox 506 2968 696 3049; x_wconf 81' lang='lat' dir='ltr'><strong>electisque</strong></span> <span class='ocrx_word' id='word_1_162' title='bbox 711 2968 1058 3031; x_wconf 72' lang='lat' dir='ltr'><strong>Curiaeluvaminum</strong></span> <span class='ocrx_word' id='word_1_163' title='bbox 1084 2968 1288 3032; x_wconf 85' lang='lat' dir='ltr'><strong>remittebat</strong></span> <span class='ocrx_word' id='word_1_164' title='bbox 1304 2970 1473 3046; x_wconf 74' lang='lat' dir='ltr'><strong>judicium</strong></span> 
     </span>
     <span class='ocr_line' id='line_1_23' title="bbox 349 3075 1473 3154; baseline 0 -16"><span class='ocrx_word' id='word_1_165' title='bbox 349 3075 502 3139; x_wconf 91' lang='lat' dir='ltr'><strong>omnium</strong></span> <span class='ocrx_word' id='word_1_166' title='bbox 518 3075 630 3138; x_wconf 91' lang='lat' dir='ltr'><strong>litium</strong></span> <span class='ocrx_word' id='word_1_167' title='bbox 655 3076 696 3137; x_wconf 89' lang='lat' dir='ltr'><strong>ad</strong></span> <span class='ocrx_word' id='word_1_168' title='bbox 710 3075 805 3136; x_wconf 86' lang='lat' dir='ltr'><strong>illam</strong></span> <span class='ocrx_word' id='word_1_169' title='bbox 821 3091 894 3138; x_wconf 90' lang='lat' dir='ltr'><strong>rem</strong></span> <span class='ocrx_word' id='word_1_170' title='bbox 916 3075 1146 3154; x_wconf 81' lang='lat' dir='ltr'><strong>tangentium,</strong></span> <span class='ocrx_word' id='word_1_171' title='bbox 1162 3076 1283 3138; x_wconf 88' lang='lat' dir='ltr'><strong>vetans</strong></span> <span class='ocrx_word' id='word_1_172' title='bbox 1299 3076 1473 3138; x_wconf 89' lang='lat' dir='ltr'><strong>baillivum</strong></span> 
     </span>
     <span class='ocr_line' id='line_1_24' title="bbox 348 3181 1472 3261; baseline 0.002 -18"><span class='ocrx_word' id='word_1_173' title='bbox 348 3182 604 3254; x_wconf 76' lang='lat' dir='ltr'><strong>cadomensem,</strong></span> <span class='ocrx_word' id='word_1_174' title='bbox 622 3182 680 3260; x_wconf 90' lang='lat' dir='ltr'><strong>qui</strong></span> <span class='ocrx_word' id='word_1_175' title='bbox 694 3181 917 3260; x_wconf 88' lang='lat' dir='ltr'><strong>burgensium</strong></span> <span class='ocrx_word' id='word_1_176' title='bbox 933 3183 1051 3261; x_wconf 86' lang='lat' dir='ltr'><strong>partes</strong></span> <span class='ocrx_word' id='word_1_177' title='bbox 1072 3183 1216 3255; x_wconf 82' lang='lat' dir='ltr'><strong>ferebat,</strong></span> <span class='ocrx_word' id='word_1_178' title='bbox 1234 3183 1295 3245; x_wconf 88' lang='lat' dir='ltr'><strong>bas</strong></span> <span class='ocrx_word' id='word_1_179' title='bbox 1314 3183 1472 3260; x_wconf 91' lang='lat' dir='ltr'><strong>judicare</strong></span> 
     </span>
     <span class='ocr_line' id='line_1_25' title="bbox 349 3287 1460 3371; baseline 0.003 -22"><span class='ocrx_word' id='word_1_180' title='bbox 349 3289 578 3368; x_wconf 83' lang='lat' dir='ltr'><strong>qualicunque</strong></span> <span class='ocrx_word' id='word_1_181' title='bbox 594 3288 694 3350; x_wconf 92' lang='lat' dir='ltr'><strong>modo</strong></span> <span class='ocrx_word' id='word_1_182' title='bbox 710 3287 733 3348; x_wconf 69' lang='lat'><strong>⁴.</strong></span> <span class='ocrx_word' id='word_1_183' title='bbox 1458 3368 1460 3371; x_wconf 87' lang='lat'>.</span> 
     </span>
     <span class='ocr_line' id='line_1_26' title="bbox 407 3394 1470 3487; baseline 0 -31"><span class='ocrx_word' id='word_1_184' title='bbox 407 3399 516 3465; x_wconf 88' lang='lat' dir='ltr'><strong>Quum</strong></span> <span class='ocrx_word' id='word_1_185' title='bbox 532 3396 647 3459; x_wconf 89' lang='lat' dir='ltr'><strong>autem</strong></span> <span class='ocrx_word' id='word_1_186' title='bbox 663 3399 737 3457; x_wconf 87' lang='lat' dir='ltr'><strong>Rex</strong></span> <span class='ocrx_word' id='word_1_187' title='bbox 750 3396 838 3487; x_wconf 82' lang='lat' dir='ltr'><strong>bene</strong></span> <span class='ocrx_word' id='word_1_188' title='bbox 855 3394 1024 3457; x_wconf 86' lang='lat' dir='ltr'><strong>animatus</strong></span> <span class='ocrx_word' id='word_1_189' title='bbox 1047 3395 1237 3468; x_wconf 86' lang='lat' dir='ltr'><strong>videretur,</strong></span> <span class='ocrx_word' id='word_1_190' title='bbox 1255 3396 1470 3458; x_wconf 86' lang='lat' dir='ltr'><strong>Universitas</strong></span> 
     </span>
    </p>
   </div>
   <div class='ocr_carea' id='block_1_3' title="bbox 257 3501 1471 3580">
    <p class='ocr_par' dir='ltr' id='par_1_3' title="bbox 257 3501 1471 3580">
     <span class='ocr_line' id='line_1_27' title="bbox 257 3501 1471 3580; baseline 0.001 -17"><span class='ocrx_word' id='word_1_191' title='bbox 257 3521 259 3524; x_wconf 51' lang='lat'><em>⁴</em></span> <span class='ocrx_word' id='word_1_192' title='bbox 348 3502 507 3564; x_wconf 74' lang='lat' dir='ltr'><strong>adarolo</strong></span> <span class='ocrx_word' id='word_1_193' title='bbox 532 3518 637 3564; x_wconf 84' lang='lat' dir='ltr'><strong>novas</strong></span> <span class='ocrx_word' id='word_1_194' title='bbox 662 3501 790 3579; x_wconf 86' lang='lat' dir='ltr'><strong>gratias</strong></span> <span class='ocrx_word' id='word_1_195' title='bbox 816 3501 948 3580; x_wconf 89' lang='lat' dir='ltr'><strong>petivit,</strong></span> <span class='ocrx_word' id='word_1_196' title='bbox 989 3503 1172 3564; x_wconf 83' lang='lat' dir='ltr'><strong>Cadomum</strong></span> <span class='ocrx_word' id='word_1_197' title='bbox 1204 3503 1363 3580; x_wconf 88' lang='lat' dir='ltr'><strong>ingresso</strong></span> <span class='ocrx_word' id='word_1_198' title='bbox 1394 3501 1471 3564; x_wconf 79' lang='grc'><strong>1487</strong></span> 
     </span>
    </p>
   </div>
   <div class='ocr_carea' id='block_1_4' title="bbox 318 3608 1472 4540">
    <p class='ocr_par' dir='ltr' id='par_1_4' title="bbox 318 3608 1472 4540">
     <span class='ocr_line' id='line_1_28' title="bbox 348 3608 1472 3691; baseline 0.001 -22"><span class='ocrx_word' id='word_1_199' title='bbox 348 3626 449 3671; x_wconf 81' lang='lat' dir='ltr'><strong>anno</strong></span> <span class='ocrx_word' id='word_1_200' title='bbox 466 3608 603 3670; x_wconf 86' lang='lat' dir='ltr'><strong>Obviam</strong></span> <span class='ocrx_word' id='word_1_201' title='bbox 619 3608 710 3670; x_wconf 88' lang='lat' dir='ltr'><strong>enim</strong></span> <span class='ocrx_word' id='word_1_202' title='bbox 725 3608 898 3684; x_wconf 88' lang='lat' dir='ltr'><strong>Majestati</strong></span> <span class='ocrx_word' id='word_1_203' title='bbox 918 3608 1033 3687; x_wconf 84' lang='lat' dir='ltr'><strong>Regiae</strong></span> <span class='ocrx_word' id='word_1_204' title='bbox 1056 3608 1261 3691; x_wconf 80' lang='lat' dir='ltr'><strong>procedens,</strong></span> <span class='ocrx_word' id='word_1_205' title='bbox 1284 3609 1391 3680; x_wconf 90' lang='lat' dir='ltr'><strong>illum</strong></span> <span class='ocrx_word' id='word_1_206' title='bbox 1407 3625 1472 3687; x_wconf 87' lang='lat' dir='ltr'><strong>per</strong></span> 
     </span>
     <span class='ocr_line' id='line_1_29' title="bbox 318 3707 1468 3793; baseline -0.003 -15"><span class='ocrx_word' id='word_1_207' title='bbox 318 3707 523 3778; x_wconf 80' lang='lat' dir='ltr'><strong>¹oratorem</strong></span> <span class='ocrx_word' id='word_1_208' title='bbox 553 3714 805 3793; x_wconf 86' lang='lat' dir='ltr'><strong>congratulavit</strong></span> <span class='ocrx_word' id='word_1_209' title='bbox 836 3716 871 3776; x_wconf 89' lang='lat' dir='ltr'><strong>et</strong></span> <span class='ocrx_word' id='word_1_210' title='bbox 893 3716 1078 3778; x_wconf 89' lang='lat' dir='ltr'><strong>nonnullos</strong></span> <span class='ocrx_word' id='word_1_211' title='bbox 1108 3715 1324 3778; x_wconf 88' lang='lat' dir='ltr'><strong>consiliarios</strong></span> <span class='ocrx_word' id='word_1_212' title='bbox 1353 3715 1468 3793; x_wconf 87' lang='lat' dir='ltr'><strong>Regis,</strong></span> 
     </span>
     <span class='ocr_line' id='line_1_30' title="bbox 346 3821 1467 3894; baseline -0.001 -9"><span class='ocrx_word' id='word_1_213' title='bbox 346 3821 845 3894; x_wconf 86' lang='lat' dir='ltr'><strong>Alenconiiducem,dominum</strong></span> <span class='ocrx_word' id='word_1_214' title='bbox 855 3821 896 3883; x_wconf 91' lang='lat' dir='ltr'><strong>de</strong></span> <span class='ocrx_word' id='word_1_215' title='bbox 907 3821 1056 3883; x_wconf 65' lang='lat' dir='ltr'><strong>(travilla</strong></span> <span class='ocrx_word' id='word_1_216' title='bbox 1070 3821 1222 3884; x_wconf 85' lang='lat' dir='ltr'><strong>Franciae</strong></span> <span class='ocrx_word' id='word_1_217' title='bbox 1232 3821 1467 3894; x_wconf 86' lang='lat' dir='ltr'><strong>admiraldum,</strong></span> 
     </span>
     <span class='ocr_line' id='line_1_31' title="bbox 345 3927 1467 4006; baseline -0.002 -16"><span class='ocrx_word' id='word_1_218' title='bbox 345 3929 570 4000; x_wconf 89' lang='lat' dir='ltr'><strong>tutissimum,</strong></span> <span class='ocrx_word' id='word_1_219' title='bbox 584 3931 619 3990; x_wconf 90' lang='lat' dir='ltr'><strong>et</strong></span> <span class='ocrx_word' id='word_1_220' title='bbox 634 3927 933 4006; x_wconf 78' lang='lat' dir='ltr'><strong>archiepiscopum</strong></span> <span class='ocrx_word' id='word_1_221' title='bbox 948 3928 1250 4006; x_wconf 87' lang='lat' dir='ltr'><strong>Burdegalensem.</strong></span> <span class='ocrx_word' id='word_1_222' title='bbox 1269 3931 1342 3990; x_wconf 84' lang='lat' dir='ltr'><strong>Rex</strong></span> <span class='ocrx_word' id='word_1_223' title='bbox 1354 3928 1467 3988; x_wconf 88' lang='lat' dir='ltr'><strong>autem</strong></span> 
     </span>
     <span class='ocr_line' id='line_1_32' title="bbox 347 4033 1470 4115; baseline -0.001 -19"><span class='ocrx_word' id='word_1_224' title='bbox 347 4036 432 4096; x_wconf 90' lang='lat' dir='ltr'><strong>nihil</strong></span> <span class='ocrx_word' id='word_1_225' title='bbox 444 4034 619 4115; x_wconf 90' lang='lat' dir='ltr'><strong>pollicitus</strong></span> <span class='ocrx_word' id='word_1_226' title='bbox 642 4036 696 4097; x_wconf 90' lang='lat' dir='ltr'><strong>est</strong></span> <span class='ocrx_word' id='word_1_227' title='bbox 721 4034 899 4096; x_wconf 89' lang='lat' dir='ltr'><strong>orantibus</strong></span> <span class='ocrx_word' id='word_1_228' title='bbox 916 4057 933 4092; x_wconf 86' lang='lat'>«</span> <span class='ocrx_word' id='word_1_229' title='bbox 948 4036 1094 4113; x_wconf 92' lang='lat' dir='ltr'><strong>propter</strong></span> <span class='ocrx_word' id='word_1_230' title='bbox 1117 4033 1247 4096; x_wconf 88' lang='lat' dir='ltr'><strong>domini</strong></span> <span class='ocrx_word' id='word_1_231' title='bbox 1272 4034 1470 4096; x_wconf 85' lang='lat' dir='ltr'><strong>cancellarii</strong></span> 
     </span>
     <span class='ocr_line' id='line_1_33' title="bbox 346 4141 1468 4220; baseline -0.002 -16"><span class='ocrx_word' id='word_1_232' title='bbox 346 4143 461 4204; x_wconf 88' lang='lat' dir='ltr'><strong>tunca</strong></span> <span class='ocrx_word' id='word_1_233' title='bbox 476 4141 572 4204; x_wconf 87' lang='lat' dir='ltr'><strong>ouria</strong></span> <span class='ocrx_word' id='word_1_234' title='bbox 586 4141 679 4220; x_wconf 86' lang='lat' dir='ltr'><strong>regis</strong></span> <span class='ocrx_word' id='word_1_235' title='bbox 695 4141 884 4202; x_wconf 87' lang='lat' dir='ltr'><strong>absentiam</strong></span> <span class='ocrx_word' id='word_1_236' title='bbox 896 4164 925 4201; x_wconf 73' lang='lat' dir='ltr'><strong>s.</strong></span> <span class='ocrx_word' id='word_1_237' title='bbox 938 4145 1134 4218; x_wconf 88' lang='lat' dir='ltr'><strong>Burgenses</strong></span> <span class='ocrx_word' id='word_1_238' title='bbox 1155 4157 1238 4202; x_wconf 92' lang='lat' dir='ltr'><strong>vero</strong></span> <span class='ocrx_word' id='word_1_239' title='bbox 1255 4158 1324 4204; x_wconf 93' lang='lat' dir='ltr'><strong>non</strong></span> <span class='ocrx_word' id='word_1_240' title='bbox 1343 4143 1468 4215; x_wconf 88' lang='lat' dir='ltr'><strong>malum</strong></span> 
     </span>
     <span class='ocr_line' id='line_1_34' title="bbox 347 4247 1468 4326; baseline -0.003 -15"><span class='ocrx_word' id='word_1_241' title='bbox 347 4250 499 4311; x_wconf 91' lang='lat' dir='ltr'><strong>animum</strong></span> <span class='ocrx_word' id='word_1_242' title='bbox 524 4247 749 4310; x_wconf 87' lang='lat' dir='ltr'><strong>Universitati</strong></span> <span class='ocrx_word' id='word_1_243' title='bbox 764 4247 989 4309; x_wconf 87' lang='lat' dir='ltr'><strong>intendebant</strong></span> <span class='ocrx_word' id='word_1_244' title='bbox 1005 4265 1011 4308; x_wconf 92' lang='lat'>:</span> <span class='ocrx_word' id='word_1_245' title='bbox 1026 4265 1104 4308; x_wconf 85' lang='lat' dir='ltr'><strong>nam</strong></span> <span class='ocrx_word' id='word_1_246' title='bbox 1130 4247 1264 4326; x_wconf 86' lang='lat' dir='ltr'><strong>quidam</strong></span> <span class='ocrx_word' id='word_1_247' title='bbox 1295 4248 1409 4319; x_wconf 91' lang='lat' dir='ltr'><strong>electi,</strong></span> <span class='ocrx_word' id='word_1_248' title='bbox 1430 4249 1468 4308; x_wconf 91' lang='lat' dir='ltr'><strong>ut</strong></span> 
     </span>
     <span class='ocr_line' id='line_1_35' title="bbox 347 4353 1467 4434; baseline -0.004 -16"><span class='ocrx_word' id='word_1_249' title='bbox 347 4358 390 4418; x_wconf 87' lang='lat' dir='ltr'><strong>ad</strong></span> <span class='ocrx_word' id='word_1_250' title='bbox 423 4355 675 4433; x_wconf 88' lang='lat' dir='ltr'><strong>Rothomagum</strong></span> <span class='ocrx_word' id='word_1_251' title='bbox 713 4371 832 4434; x_wconf 86' lang='lat' dir='ltr'><strong>regem</strong></span> <span class='ocrx_word' id='word_1_252' title='bbox 870 4355 1170 4433; x_wconf 89' lang='lat' dir='ltr'><strong>prosequerentur</strong></span> <span class='ocrx_word' id='word_1_253' title='bbox 1202 4376 1220 4411; x_wconf 65' lang='lat' dir='ltr'><strong>a</strong></span> <span class='ocrx_word' id='word_1_254' title='bbox 1248 4371 1311 4432; x_wconf 91' lang='lat' dir='ltr'><strong>pro</strong></span> <span class='ocrx_word' id='word_1_255' title='bbox 1340 4353 1467 4416; x_wconf 88' lang='lat' dir='ltr'><strong>litteris</strong></span> 
     </span>
     <span class='ocr_line' id='line_1_36' title="bbox 348 4459 1468 4540; baseline -0.004 -16"><span class='ocrx_word' id='word_1_256' title='bbox 348 4480 489 4526; x_wconf 88' lang='lat' dir='ltr'><strong>suarum</strong></span> <span class='ocrx_word' id='word_1_257' title='bbox 509 4461 799 4540; x_wconf 85' lang='lat' dir='ltr'><strong>supplicationum</strong></span> <span class='ocrx_word' id='word_1_258' title='bbox 831 4459 1056 4539; x_wconf 79' lang='lat' dir='ltr'><strong>expediendis</strong></span> <span class='ocrx_word' id='word_1_259' title='bbox 1073 4481 1102 4533; x_wconf 87' lang='lat'><strong>»,</strong></span> <span class='ocrx_word' id='word_1_260' title='bbox 1132 4461 1316 4522; x_wconf 80' lang='lat' dir='ltr'><strong>Rectorem</strong></span> <span class='ocrx_word' id='word_1_261' title='bbox 1341 4459 1468 4522; x_wconf 87' lang='lat' dir='ltr'><strong>hortati</strong></span> 
     </span>
    </p>
   </div>
   <div class='ocr_carea' id='block_1_5' title="bbox 391 4681 1465 4984">
    <p class='ocr_par' dir='ltr' id='par_1_5' title="bbox 392 4681 755 4747">
     <span class='ocr_line' id='line_1_37' title="bbox 392 4681 755 4747; baseline -0.011 -12"><span class='ocrx_word' id='word_1_262' title='bbox 392 4685 415 4735; x_wconf 89' lang='lat'><strong>1.</strong></span> <span class='ocrx_word' id='word_1_263' title='bbox 429 4700 465 4734; x_wconf 80' lang='lat' dir='ltr'><strong>mr</strong></span> <span class='ocrx_word' id='word_1_264' title='bbox 482 4682 562 4746; x_wconf 72' lang='lat' dir='ltr'><strong>Banu,</strong></span> <span class='ocrx_word' id='word_1_265' title='bbox 575 4699 619 4747; x_wconf 77' lang='lat' dir='ltr'><strong>op.</strong></span> <span class='ocrx_word' id='word_1_266' title='bbox 636 4681 687 4745; x_wconf 79' lang='lat' dir='ltr'><strong>eit,</strong></span> <span class='ocrx_word' id='word_1_267' title='bbox 701 4683 755 4732; x_wconf 74' lang='lat'><strong>334.</strong></span> 
     </span>
    </p>

    <p class='ocr_par' dir='ltr' id='par_1_6' title="bbox 392 4763 501 4814">
     <span class='ocr_line' id='line_1_38' title="bbox 392 4763 501 4814; baseline -0.018 0"><span class='ocrx_word' id='word_1_268' title='bbox 392 4767 415 4814; x_wconf 79' lang='lat'><strong>2.</strong></span> <span class='ocrx_word' id='word_1_269' title='bbox 430 4763 501 4813; x_wconf 71' lang='lat' dir='ltr'><strong>leid.</strong></span> 
     </span>
    </p>

    <p class='ocr_par' dir='ltr' id='par_1_7' title="bbox 391 4840 864 4904">
     <span class='ocr_line' id='line_1_39' title="bbox 391 4840 864 4904; baseline -0.008 -10"><span class='ocrx_word' id='word_1_270' title='bbox 391 4846 414 4894; x_wconf 80' lang='lat'><strong>3.</strong></span> <span class='ocrx_word' id='word_1_271' title='bbox 430 4843 512 4894; x_wconf 73' lang='lat' dir='ltr'><strong>Arcti.</strong></span> <span class='ocrx_word' id='word_1_272' title='bbox 529 4841 611 4904; x_wconf 76' lang='lat' dir='ltr'><strong>Uale,</strong></span> <span class='ocrx_word' id='word_1_273' title='bbox 626 4844 662 4892; x_wconf 88' lang='lat' dir='ltr'><strong>D.</strong></span> <span class='ocrx_word' id='word_1_274' title='bbox 683 4842 735 4904; x_wconf 77' lang='lat' dir='ltr'><strong>ill,</strong></span> <span class='ocrx_word' id='word_1_275' title='bbox 749 4842 797 4891; x_wconf 85' lang='lat' dir='ltr'><strong>loc.</strong></span> <span class='ocrx_word' id='word_1_276' title='bbox 811 4840 864 4891; x_wconf 65' lang='lat' dir='ltr'><strong>cit.v</strong></span> 
     </span>
    </p>

    <p class='ocr_par' dir='ltr' id='par_1_8' title="bbox 391 4917 1465 4984">
     <span class='ocr_line' id='line_1_40' title="bbox 391 4917 1465 4984; baseline -0.004 -12"><span class='ocrx_word' id='word_1_277' title='bbox 391 4926 415 4973; x_wconf 88' lang='grc'><strong>4.</strong></span> <span class='ocrx_word' id='word_1_278' title='bbox 433 4943 445 4968; x_wconf 84' lang='lat'>‹</span> <span class='ocrx_word' id='word_1_279' title='bbox 460 4924 557 4974; x_wconf 79' lang='lat' dir='ltr'><strong>Donne</strong></span> <span class='ocrx_word' id='word_1_280' title='bbox 573 4927 589 4972; x_wconf 75' lang='lat' dir='ltr'><strong>a</strong></span> <span class='ocrx_word' id='word_1_281' title='bbox 603 4922 726 4984; x_wconf 82' lang='lat' dir='ltr'><strong>Orle&#39;ans,</strong></span> <span class='ocrx_word' id='word_1_282' title='bbox 742 4921 769 4972; x_wconf 88' lang='lat' dir='ltr'><strong>le</strong></span> <span class='ocrx_word' id='word_1_283' title='bbox 780 4920 846 4971; x_wconf 73' lang='grc' dir='ltr'><strong>ἮΙο</strong></span> <span class='ocrx_word' id='word_1_284' title='bbox 857 4921 920 4984; x_wconf 88' lang='lat' dir='ltr'><strong>jour</strong></span> <span class='ocrx_word' id='word_1_285' title='bbox 932 4918 966 4970; x_wconf 88' lang='lat' dir='ltr'><strong>de</strong></span> <span class='ocrx_word' id='word_1_286' title='bbox 977 4919 1131 4983; x_wconf 84' lang='lat' dir='ltr'><strong>septembre</strong></span> <span class='ocrx_word' id='word_1_287' title='bbox 1142 4920 1196 4970; x_wconf 86' lang='lat' dir='ltr'><strong>l&#39;an</strong></span> <span class='ocrx_word' id='word_1_288' title='bbox 1209 4920 1244 4971; x_wconf 89' lang='lat' dir='ltr'><strong>de</strong></span> <span class='ocrx_word' id='word_1_289' title='bbox 1252 4933 1334 4984; x_wconf 82' lang='lat' dir='ltr'><strong>grece</strong></span> <span class='ocrx_word' id='word_1_290' title='bbox 1348 4917 1465 4970; x_wconf 79' lang='lat' dir='ltr'><strong>Moneo</strong></span> 
     </span>
    </p>
   </div>
   <div class='ocr_carea' id='block_1_6' title="bbox 346 4998 1259 5067">
    <p class='ocr_par' dir='ltr' id='par_1_9' title="bbox 346 4998 1259 5067">
     <span class='ocr_line' id='line_1_41' title="bbox 346 4998 1259 5067; baseline -0.004 -13"><span class='ocrx_word' id='word_1_291' title='bbox 346 5009 443 5067; x_wconf 85' lang='lat' dir='ltr'><strong>quatro</strong></span> <span class='ocrx_word' id='word_1_292' title='bbox 457 5003 537 5067; x_wconf 75' lang='lat' dir='ltr'><strong>ringo</strong></span> <span class='ocrx_word' id='word_1_293' title='bbox 549 5008 577 5055; x_wconf 86' lang='lat' dir='ltr'><strong>et</strong></span> <span class='ocrx_word' id='word_1_294' title='bbox 590 5003 686 5066; x_wconf 78' lang='lat' dir='ltr'><strong>cinq.»</strong></span> <span class='ocrx_word' id='word_1_295' title='bbox 700 5001 790 5065; x_wconf 72' lang='lat' dir='ltr'><strong>(Arcti.</strong></span> <span class='ocrx_word' id='word_1_296' title='bbox 805 4999 931 5062; x_wconf 80' lang='lat' dir='ltr'><strong>Oolo.,D.</strong></span> <span class='ocrx_word' id='word_1_297' title='bbox 949 5001 988 5062; x_wconf 76' lang='lat'><strong>33,</strong></span> <span class='ocrx_word' id='word_1_298' title='bbox 1003 4998 1042 5050; x_wconf 83' lang='lat' dir='ltr'><strong>ed.</strong></span> <span class='ocrx_word' id='word_1_299' title='bbox 1059 5000 1153 5063; x_wconf 75' lang='lat' dir='ltr'><strong>Benet,</strong></span> <span class='ocrx_word' id='word_1_300' title='bbox 1167 5016 1186 5062; x_wconf 93' lang='lat'><strong>1,</strong></span> <span class='ocrx_word' id='word_1_301' title='bbox 1204 5001 1259 5064; x_wconf 80' lang='lat' dir='ltr'><strong>be.)</strong></span> 
     </span>
    </p>
   </div>
   <div class='ocr_carea' id='block_1_7' title="bbox 0 0 1980 5975">
    <p class='ocr_par' dir='ltr' id='par_1_10' title="bbox 0 0 1980 5975">
     <span class='ocr_line' id='line_1_42' title="bbox 0 0 1980 5975; baseline 0 4"><span class='ocrx_word' id='word_1_302' title='bbox 0 0 1980 5975; x_wconf 95' lang='lat' dir='ltr'><strong> </strong></span> 
     </span>
    </p>
   </div>
  </div>
 </body>
</html>
