3950 5975
1019 783 1189 842 „20-

457 992 460 995 .
543 945 601 1006 aut
628 942 802 1005 horariam
828 942 1016 1003 decurrere
1037 958 1104 1005 non
1124 942 1279 1021 potuerit
1301 965 1329 1015 »,
1350 943 1507 1021 proxime
1524 944 1668 1024 collegii

541 1053 709 1131 sequente
729 1049 1008 1127 congregatione,
1043 1051 1272 1128 praesentibus
1294 1050 1482 1129 apostolico
1507 1054 1541 1114 et
1565 1053 1667 1131 regio

539 1157 851 1225 conservatoribus,
865 1156 942 1216 viva
956 1172 1040 1218 voce
1060 1156 1317 1221 excusationem
1343 1158 1439 1219 illum
1459 1160 1668 1237 propositu-

540 1285 614 1328 rum
632 1282 709 1327 esse
724 1266 758 1326 et
773 1263 985 1342 propositam
992 1265 1220 1340 jurejurando
1235 1264 1450 1327 firmaturum
1466 1264 1666 1343 ipsumaut

539 1374 568 1435 si
583 1373 756 1442 detentus,
787 1371 923 1431 fidelem
947 1372 982 1433 ct
998 1370 1174 1449 cognitum
1190 1370 1364 1443 nuncium,
1383 1373 1418 1432 et
1434 1373 1663 1435 substitutum

539 1497 742 1559 quemquam
756 1479 790 1538 in
808 1494 870 1538 suo
887 1478 962 1538 loco
976 1478 1233 1556 propositurum
1249 1478 1410 1539 idoneum
1427 1481 1463 1540 et
1478 1498 1497 1541 a
1512 1481 1661 1559 collegio

537 1587 761 1667 probandum.
787 1588 969 1662 Nunquam
992 1584 1194 1646 conceditur
1227 1585 1361 1646 absenti
1385 1586 1425 1646 ad
1448 1586 1531 1647 alias
1558 1588 1661 1649 sedes

538 1697 596 1756 aut
608 1692 731 1772 oppida
742 1691 891 1769 migrare
907 1693 997 1752 etex
1014 1690 1244 1752 Universitate
1258 1692 1366 1753 larcm
1378 1694 1436 1754 aut
1447 1693 1660 1755 domicilium

537 1802 736 1862 transferre.
1386 1794 1388 1806 '

597 1907 697 1969 Curia
716 1922 852 1985 quoqne
869 1905 1064 1982 regentium
1081 1921 1262 1967 numerum
1280 1905 1430 1967 instituit
1447 1932 1452 1964 :
1472 1906 1500 1967 si
1516 1908 1656 1979 statuta,

538 2032 612 2095 quae
639 2014 674 2074 in
704 2012 907 2090 blatrologio
938 2012 1068 2089 scripta
1096 2013 1187 2083 sunt,
1215 2014 1496 2085 observabantur,
1524 2016 1657 2093 septem

536 2123 699 2199 regentes
716 2122 839 2181 erant:
865 2135 1010 2197 quorum
1030 2134 1098 2179 non
1124 2119 1255 2196 augeri,
1276 2120 1336 2181 sed
1350 2137 1497 2207 (semper
1519 2120 1657 2199 impleri
1707 2160 1710 2163 -
1737 2153 1741 2160 -

536 2228 730 2306 antiquiore
751 2227 956 2304 expectante
978 2226 1374 2303 quacumquetacultate
1391 2218 1496 2299 esset,
1509 2228 1547 2289 ut
1561 2245 1658 2289 vaca·
1689 2270 1690 2273 ,

535 2336 592 2397 bat
615 2334 726 2405 selles
757 2350 922 2394 uumerus
952 2334 1090 2410 poterat
1113 2334 1131 2391 ¹.
1160 2333 1260 2393 Curia
1284 2356 1301 2389 «
1329 2334 1541 2413 superfluum
1564 2334 1656 2411 juris

535 2442 717 2520 utriusque
752 2440 948 2517 regentium
974 2439 1154 2500 doctorum
1194 2456 1376 2501 numerum
1412 2440 1657 2528 antiquandum

535 2548 632 2610 duxit
658 2571 689 2616 »‚
720 2550 754 2609 et
780 2547 937 2625 profecto
968 2546 1185 2623 cogitabatur
1207 2548 1382 2625 regentes
1414 2548 1442 2608 si
1476 2547 1656 2635 pauciores

535 2656 663 2726 essent,
681 2654 803 2716 melius
823 2654 1035 2721 muneratos,
1053 2653 1169 2715 oneris
1185 2670 1276 2714 curae
1294 2654 1443 2716 libenter
1461 2672 1498 2716 se
1514 2656 1654 2717 daturos

534 2765 569 2825 et
583 2762 822 2840 inexpertibus
834 2760 1147 2822 locumtenentibus
1157 2777 1332 2839 nunquam
1343 2763 1414 2839 jam
1424 2778 1651 2825 usurosesse:

534 2870 685 2949 quinque
712 2869 820 2946 igitur
843 2868 946 2929 erunt
969 2867 1130 2929 doctores
1159 2868 1333 2945 regentes
1359 2869 1432 2929 tres
1450 2871 1508 2945 Jus
1540 2869 1651 2941 civile,

532 2977 600 3064 duo
613 2979 728 3039 autem
743 2974 943 3042 canonicum
958 2974 1174 3054 prolitentes,
1189 2974 1248 3036 sed
1264 2974 1363 3037 Curia
1374 2968 1503 3038 creavit
1516 2976 1652 3038 sextum

533 3086 715 3146 docentem
731 3084 788 3162 qni
807 3083 1025 3145 instituamus
1043 3063 1229 3144 diceretur.
1563 3065 1565 3068 ’

591 3194 787 3269 Quanquam
818 3205 982 3252 numerus
1019 3175 1215 3268 regentium
1248 3189 1435 3263 minuitur„
1462 3190 1651 3253 lectionum

532 3314 697 3362 numerus
725 3297 976 3374 augmentatur.
1004 3296 1037 3356 Si
1064 3297 1184 3358 vetera
1211 3297 1340 3357 statuta
1361 3298 1469 3374 leges
1497 3289 1652 3360 invenies

532 3424 635 3469 unam
660 3403 844 3466 lectionem
869 3420 946 3464 esse
972 3403 1140 3474 diurnam,
1166 3420 1240 3482 quae
1262 3403 1433 3465 ordinaria
1456 3405 1592 3476 dicitur,
1619 3407 1654 3467 et

535 3529 670 3593 qnoque
695 3511 795 3582 anno,
822 3510 970 3571 invicem
991 3528 1009 3570 a
1030 3511 1161 3572 duobus
1181 3511 1380 3572 doctoribus
1402 3511 1523 3573 adhoc
1542 3502 1654 3590 primo

530 3625 548 3680 J
552 3621 625 3683 ovis
651 3620 705 3681 die
720 3618 808 3694 ‘Julii
833 3616 961 3678 mensis
977 3617 1197 3694 designandis
1212 3617 1360 3680 habetur
1375 3617 1404 3690 Ξ;
1426 3620 1460 3680 ct
1477 3619 1654 3682 numerosi
1702 3674 1707 3679 .

531 3729 629 3788 erant
645 3724 722 3787 serii
737 3724 821 3800 dies,
838 3725 892 3785 vel
910 3724 1058 3786 obitibus
1076 3713 1282 3792 consecrati„
1295 3726 1417 3803 quibus
1434 3726 1535 3786 nullae
1553 3726 1653 3786 erant

529 3834 722 3905 lectiones3
756 3848 795 3892 ac
839 3831 867 3891 si
906 3832 1002 3891 nulla
1038 3831 1219 3892 vacaverat
1262 3831 1334 3892 dies
1374 3832 1410 3892 in
1449 3831 1650 3910 septimana,
1734 3896 1740 3902 ,

527 3941 620 4003 Joris
651 3939 723 4000 dies
757 3939 907 3999 vacabat
939 3939 1070 4014 ltaque,
1107 3938 1135 3997 si
1166 3937 1458 3999 extraordinarias
1483 3938 1651 4018 lectiones

530 4047 646 4113 addes,
672 4045 730 4106 vix
752 4046 835 4106 duas
863 4043 1020 4106 horarias
1050 4044 1217 4105 lectiones
1248 4060 1384 4123 quoque
1410 4045 1464 4106 die
1481 4044 1649 4118 invenies,

530 4172 604 4233 quae
631 4154 752 4214 saltem
777 4169 797 4213 a
820 4151 1019 4213 doctoribus
1044 4152 1192 4228 utroque
1211 4153 1292 4227 jure
1318 4139 1512 4213 habeantur
1523 4151 1545 4210 ³.
1573 4154 1650 4213 1521

528 4263 643 4322 autem
672 4276 772 4331 anno,
801 4258 901 4320 Curia
925 4257 1075 4319 decrevit
1092 4258 1141 4326 ut,
1167 4257 1202 4318 in
1226 4261 1354 4336 Legum
1377 4259 1555 4330 facultate,
1583 4259 1650 4320 duo

523 4350 683 4445 juniores
698 4365 907 4445 regentesin
924 4365 1050 4426 scholis
1061 4363 1155 4425 binas
1171 4365 1339 4428 lectiones
1350 4365 1525 4439 lacerent3
1545 4339 1652 4426 matu=

527 4475 616 4536 tinas
642 4475 725 4535 duas
751 4491 770 4535 6
796 4472 943 4550 vestigio
968 4472 1047 4550 post
1076 4471 1295 4543 ordinariam,
1328 4473 1362 4534 et
1397 4471 1650 4550 pomeridianas

527 4582 610 4644 duas
628 4599 646 4642 a
666 4579 817 4643 secunda
831 4579 915 4642 hora
930 4579 971 4640 ad
991 4579 1159 4658 quartam,
1181 4595 1385 4657 unaquaque
1407 4579 1649 4658 praedictarum

573 4806 594 4856 l.
611 4802 724 4864 Matrot,
739 4802 762 4852 fo
780 4805 831 4864 159,
847 4800 885 4851 ed.
901 4802 995 4864 Benct
1012 4815 1030 4863 1,
1044 4801 1096 4851 leo.
1113 4801 1193 4852 Ratio
1209 4817 1256 4851 cur
1272 4816 1326 4851 non
1335 4799 1531 4852 numerosiores
1547 4806 1648 4865 essent,

524 4889 583 4936 orat
596 4883 710 4947 penuria
725 4882 905 4934 subsidiorum
920 4897 980 4944 quae
996 4881 1190 4932 ascholaribus
1204 4879 1390 4946 exigebantur.
1403 4883 1572 4944 (Bourmont‚
1585 4883 1647 4944 llo.)

572 4965 594 5013 2.
612 4965 768 5022 Bounuonu
785 4965 837 5012 llo.
1268 5025 1272 5032 k

570 5046 593 5093 3.
611 5044 650 5094 cf.
672 5059 684 5090 n
704 5043 860 5093 Caleudrier
877 5062 889 5088 ›>
905 5042 977 5105 quod
992 5042 1019 5091 in
1033 5041 1083 5093 Mc.
1102 5041 1169 5092 Bibl.
1194 5043 1256 5094 cad.
1271 5043 1300 5092 in
1319 5040 1376 5106 fot,
1400 5046 1434 5094 68
1457 5043 1599 5104 invenitur,
1622 5047 1649 5094 ct

525 5124 626 5174 editum
643 5139 660 5173 a
674 5125 827 5185 Bourmont‚
838 5122 897 5172 317.
