3950 5975
2039 684 2253 748 -80
2303 663 2384 730 ζ..

1106 847 1295 909 esset
1326 845 1690 909 Lutetiana
1716 846 2082 910 Academia
2113 865 2263 926 quae
2293 845 2520 927 posita
2566 846 2673 907 est
2719 847 2789 908 in
2846 846 3002 910 luce
3046 847 3367 911 1111111111111

1106 952 1440 1031 gentium,
1505 952 1573 1015 in
1631 955 1914 1034 aspectu
1965 955 2035 1017 et
2085 953 2281 1032 quasi
2335 953 2406 1014 in
2461 953 2612 1015 sinu
2672 953 3058 1033 Principis;
3130 955 3210 1015 ab
3282 971 3371 1015 ea

1102 1060 1272 1121 nihil
1302 1076 1458 1123 esse
1483 1060 1777 1141 periculi
1807 1078 1893 1123 ne
1925 1060 2086 1142 quid
2117 1062 2391 1122 emanet
2421 1060 2501 1122 ad
2534 1060 2917 1139 perniciem
2950 1060 3318 1123 hominum
3351 1083 3363 1135 3

1098 1166 1168 1227 at
1219 1167 1289 1229 in
1335 1166 1487 1229 istis
1540 1167 2029 1231 remotioribus
2078 1169 2150 1231 et
2197 1166 2391 1247 quasi
2442 1165 2833 1245 peregrinis
2894 1167 3154 1231 scholis
3202 1183 3367 1227 ma-

1097 1290 1298 1352 gnam
1330 1290 1486 1336 esse
1527 1273 1918 1336 cautionem
1969 1290 2056 1336 ne
2099 1275 2430 1351 juventus
2477 1289 2687 1353 prave
2736 1274 3118 1347 erudiatur,
3166 1275 3363 1335 11111111

1097 1397 1233 1443 11011
1267 1381 1487 1443 56111111
1519 1381 1707 1454 vitia,
1765 1381 1885 1445 sed
1937 1381 2145 1443 etiam
2186 1379 2518 1445 doctrinae
2570 1380 2971 1443 adulterinae
3022 1383 3363 1459 ingentes

1098 1489 1169 1550 et
1202 1488 1518 1550 nationes
1548 1488 2087 1551 infundebantur
2119 1488 2139 1530 ¹
2171 1510 2228 1550 ».

1220 1597 1322 1656 Ita
1355 1594 1658 1663 Parisiis,
1695 1596 1770 1656 ut
1820 1594 2254 1674 Rothomagi,
2291 1594 2654 1657 videbatur
2694 1594 3134 1657 cadomensis
3178 1595 3363 1655 Uni-

1097 1701 1391 1763 versitas
1440 1701 1722 1766 haeresis
1774 1702 2205 1782 suspicanda,
2268 1703 2337 1764 et
2385 1718 2594 1780 quum
2642 1700 2712 1761 in
2765 1701 2898 1764 hoc
2948 1719 3090 1763 aevu
3154 1703 3363 1779 regia

1096 1810 1405 1888 potestas
1438 1808 1667 1870 statim
1708 1808 1777 1869 in
1829 1808 2172 1873 catholica
2216 1808 2541 1887 opinione
2591 1806 2717 1868 niti
2748 1810 3082 1871 conatur-31
3130 1811 3355 1883 esset*

1094 1915 1241 1977 haec
1274 1915 1452 1978 fama
1481 1917 1770 1978 nocebat
1800 1916 2154 1994 gymnasio
2188 1917 2451 1979 nostro.

1214 2026 1394 2091 Quos
1445 2023 1674 2084 autem
1726 2038 1971 2085 sensus
2021 2023 2466 2101 Valquelinus
2499 2024 2825 2086 refellere
2876 2027 3202 2095 conatur:
3262 2023 3351 2087 [le

1092 2128 1414 2207 vectigali
1446 2128 1746 2190 ostendit
1792 2129 2053 2207 injuste
2089 2129 2288 2208 queri
2330 2131 2535 2192 altam
2576 2129 3090 2203 Normanniaffl,
3122 2131 3178 2191 si
3210 2131 3351 2191 sibi

1087 2236 1485 2316 imponatur
1527 2253 1540 2294 :
1621 2252 1777 2297 nam
1834 2236 2208 2298 utilitatem
2265 2235 2509 2299 incolae
2586 2237 2887 2316 capiunt,
2928 2253 3006 2299 ex
3046 2255 3122 2299 et]
3162 2239 3347 2315 quod

1098 2360 1339 2405 eorum
1399 2342 1600 2404 liberi
1658 2342 1854 2405 bonis
1919 2344 2182 2405 artibus
2252 2344 2322 2405 et
2397 2343 2777 2422 disciplinis
2837 2342 2976 2405 levi
3034 2343 3351 2423 impensa

1089 2448 1572 2511 instituuntur.
1607 2449 1944 2512 Lutetiam
1982 2466 2149 2512 vero
2200 2450 2453 2525 laudat,
2507 2465 2737 2512 arcem
2790 2449 3094 2511 omnium
3126 2451 3347 2511 hena-

1090 2572 1238 2618 rum
1272 2556 1658 2619 litterarum
1702 2573 1975 2628 vocam,
2014 2557 2132 2619 sed
2182 2558 2340 2619 ante
2391 2557 2643 2619 multos
2695 2556 2871 2618 hanc
2907 2557 3338 2619 sententiam.

1089 2662 1381 2743 profert:
1434 2686 1469 2720 <‹
1502 2664 1840 2743 Expedire
1873 2663 2358 2736 adolescentiae
2391 2663 2670 2725 educari
2701 2663 2814 2726 ubi
2846 2658 2990 2725 'nati
3022 2667 3178 2723 sunt
3206 2663 3246 2723 Ξ.
3302 2687 3338 2719 s-

1095 2770 1491 2833 Praesertim
1525 2770 1813 2832 haeresis
1846 2770 2108 2832 crimen
2141 2770 2521 2833 dissolvere
2554 2771 2864 2833 conatur.
2900 2793 2936 2828 1(
2958 2771 3334 2831 Academiae

1087 2877 1526 2941 cadomensis
1557 2878 1744 2939 hunc
1776 2894 1933 2939 esse
1969 2880 2221 2940 statum
2255 2878 2689 2951 hodiernum,
2731 2880 2807 2940 ut
2846 2878 3042 2939 malis
3078 2879 3334 2939 artibus

1090 2985 1258 3046 nihil
1309 2983 1443 3047 loci
1493 2984 1814 3048 relictum
1859 2984 2079 3047 videri
2129 2984 2393 3065 possit3
2449 2983 2803 3048 exstitisse
2851 2986 3146 3064 tempus,
3198 3004 3334 3064 que

1085 3091 1219 3170 ipsi
1270 3093 1346 3154 ut
1401 3095 1471 3154 et
1521 3093 1773 3154 ceterae
1824 3092 2057 3154 Galliae
2102 3094 2337 3171 partes
2391 3091 2737 3154 communi
2779 3092 2898 3154 illo
2959 3092 3134 3152 11111111
3186 3096 3338 3152 tan-

1089 3215 1292 3276 quam
1317 3199 1431 3260 lue
1465 3199 1903 3271 laboraverit,
1931 3216 2018 3260 ne
2052 3198 2389 3260 Lutetiam
2423 3198 2698 3276 quidem
2731 3198 2944 3260 fuisse
2976 3200 3334 3276 expertem

1085 3304 1540 3382 contagioniS‚
1591 3305 1712 3368 sed
1762 3308 2211 3385 posteaquam
2263 3322 2352 3366 ex
2394 3304 2529 3365 illis
2576 3303 2886 3367 tenebris
2931 3305 2997 3366 et
3042 3304 3330 3380 caligine

1083 3410 1289 3490 longo
1343 3410 1714 3474 intervallo
1765 3413 1990 3474 lucem
2031 3412 2100 3472 in
2164 3411 2539 3490 Republica
2586 3410 2933 3490 respicere
2976 3412 3326 3488 cfflpinuffi,

1081 3520 1346 3581 tantam
1376 3518 1447 3579 in
1480 3535 1562 3580 ea
1598 3519 1898 3580 sananda
1928 3518 2139 3580 fuisse
2168 3518 2539 3579 adhibitam
2570 3516 2994 3595 diligentiam
3034 3520 3106 3576 ut
3146 3516 3330 3596 pris-

1086 3626 1252 3686 tinae
1307 3625 1490 3686 illius
1541 3625 1972 3702 aegritudinis
2016 3624 2220 3686 nullae
2270 3627 2413 3700 jam
2454 3623 2788 3702 reliquiae,
2842 3624 3030 3685 nulla
3082 3640 3330 3700 super-

1088 3733 1248 3794 sunt
1279 3731 1572 3809 vestigia
1600 3731 1624 3774 3
1654 3754 1710 3791 ».
1746 3730 2072 3793 Advocati
2100 3746 2267 3793 vero
2307 3729 2662 3809 peritioris
2705 3747 2906 3808 quam
2953 3728 3326 3792 veracioris

1091 3856 1485 3902 sermonem
1540 3839 1639 3900 ita
1683 3838 2130 3918 Valquelinus
2194 3837 2522 3916 loquitur.
2586 3837 2755 3899 Dein
2817 3837 3110 3900 ambitus
3170 3836 3326 3916 pust

1089 3947 1342 4008 multos
1374 3946 1456 4008 ad
1486 3946 1816 4025 quosdam
1868 3945 2073 4022 Regis
2122 3944 2552 4007 consiliarios
2599 3943 2819 4023 adque
2858 3944 3334 4022 procancellzb·

1088 4053 1290 4126 rium,
1323 4052 1768 4131 Valquelinus
1814 4051 2109 4113 obtinuit
2140 4052 2217 4112 ut
2258 4056 2403 4112 Rex
2439 4049 3014 4130 postulationibus
3046 4052 3330 4128 proriu—

1089 4158 1211 4222 ciae
1253 4159 1759 4237 responderet:
1813 4181 1848 4215 ⁴<
1878 4158 2177 4219 Attendu
2229 4174 2360 4235 que
2415 4157 3022 4220 l’entretenement
3074 4160 3154 4216 de
3198 4156 3326 4216 lad*

1087 4264 1479 4327 Universite
1513 4265 1804 4342 regarde
1839 4265 1903 4326 le
1934 4264 2092 4326 bien
2134 4280 2452 4326 commun
2499 4264 2587 4325 du
2618 4268 2791 4342 111115,
2826 4266 2889 4325 S.
2927 4266 3014 4324 M.
3054 4280 3138 4324 ne
3166 4264 3330 4324 veut

1086 4373 1383 4451 deroger
1413 4375 1452 4432 a
1482 4370 1691 4432 ladite
1725 4372 1917 4432 levee
1946 4370 2259 4432 destinee
2290 4376 2331 4431 a
2361 4371 2470 4433 cet
2502 4369 2664 4432 effet
2694 4369 2738 4429 ⁶.
2773 4392 2807 4426 »

1204 4479 1335 4540 Sed
1367 4477 1792 4539 Universitas
1824 4493 1948 4556 per
1976 4479 2256 4555 longum
2300 4477 2519 4538 adhuc
2572 4477 2845 4556 tempus
2887 4476 3118 4556 Regiae
3154 4480 3330 4540 libe-

1085 4583 1377 4646 ralitatis
1434 4584 1663 4646 fructu
1725 4583 1967 4646 caruit.
2041 4583 2183 4645 Non
2269 4583 2453 4644 enim
2510 4583 2717 4661 Regis
2790 4584 3134 4664 rescripta
3182 4588 3330 4648 rata

1184 4798 1225 4846 1.
1260 4795 1447 4846 Oratio
1477 4795 1734 4868 secunda,
1761 4794 1985 4844 Ruoeelc‘i
2015 4810 2202 4858 opera,
2232 4812 2286 4858 p.
2321 4795 2429 4845 247.

1179 4879 1225 4925 2.
1261 4877 1447 4926 Oratio
1472 4877 1728 4936 secunda,
1761 4874 1985 4925 Ruaeezii
2018 4891 2205 4939 opera,
2231 4893 2282 4938 p.
2306 4877 2415 4924 248.

1182 4958 1227 5006 3.
1262 4954 1408 5006 Ibid.

1175 5039 1222 5086 4.
1251 5053 1320 5086 DE
1350 5036 1753 5097 BEAURnrAmE,
1792 5050 1878 5098 op.
1903 5035 2005 5097 cit„
2029 5051 2090 5095 11,
2126 5037 2201 5090 20.
