3950 5975
786 726 957 787 -or-
1055 679 1063 693 ⁸

313 890 403 957 tans,
435 885 668 967 querimonias
695 888 862 966 cujusque
892 886 1046 959 audiens,
1071 886 1280 967 principales
1303 902 1429 971 rogans

313 996 354 1080 de
371 994 462 1056 statu
478 992 655 1071 gymnasii,
673 992 752 1055 dein
772 1010 885 1070 coram
908 1010 944 1055 66
970 994 1005 1053 16
1033 1010 1171 1055 camera
1194 995 1284 1057 sedis
1310 995 1431 1085 praesi-

313 1100 409 1163 dialis
420 1116 546 1163 vocans
558 1100 688 1179 primos
701 1100 897 1180 suppositos
907 1099 1160 1180 officiariosqne
1175 1102 1428 1164 Universitatis
1496 1134 1501 1145 ι

311 1208 390 1269 Sine
415 1206 529 1274 dubio,
546 1206 617 1268 haec
631 1207 784 1285 quaestio,
799 1209 837 1269 ut
853 1208 967 1269 multae
982 1207 1066 1280 61166,
1089 1208 1173 1269 nihil
1191 1210 1370 1272 successit.
1389 1211 1431 1270 At

313 1306 435 1367 saltem
451 1304 620 1367 relatione
635 1302 745 1367 Caroli
756 1305 798 1367 de
813 1306 1056 1383 Bourgueville
1070 1307 1235 1369 docemur
1245 1308 1286 1370 de
1308 1307 1430 1369 studiis

311 1412 346 1499 16
362 1410 516 1489 collegiis
535 1411 619 1473 etin
645 1429 778 1491 quaque
800 1412 962 1475 facultate
987 1412 1124 1486 habitis,
1150 1415 1192 1475 de
1216 1414 1380 1493 religioso
1396 1416 1431 1477 et
1527 1447 1529 1456 ,

211 1519 214 1524 ’
313 1519 434 1581 morali
448 1519 539 1580 statu
558 1518 800 1593 Universitatis
816 1520 881 1582 hoc
897 1521 1054 1599 tempore
1068 1517 1089 1581 1.

371 1625 524 1691 Primum
548 1625 704 1704 collegia,
732 1644 804 1705 quae
829 1626 979 1689 visitavit
1012 1626 1054 1689 de
1084 1630 1180 1708 Bras,
1207 1627 1432 1708 prosperiora

313 1734 392 1795 sunt
417 1750 517 1811 quam
542 1732 667 1795 misero
690 1733 756 1795 hoc
778 1735 937 1814 tempore
962 1735 1106 1796 credere
1127 1734 1252 1815 possis,
1269 1736 1432 1828 Doctrina

309 1839 441 1901 inillis
472 1838 581 1901 adhuc
608 1840 700 1902 valet
742 1844 779 1901 In
816 1840 962 1919 collegio
991 1843 1135 1919 Sylvano
1177 1835 1432 1922 sunt'quatuor

309 1947 483 2025 regentes,
515 1946 678 2022 Nicolaus
708 1948 740 2009 le
770 1948 909 2019 ValloiS,
935 1950 1020 2010 tunc
1047 1951 1186 2022 Rector,
1227 1947 1430 2012 Godesridus
1512 2017 1513 2020 Ἴ

310 2056 342 2116 16
354 2054 565 2127 Laboureur,
574 2038 795 2131 'AEgidiusde
810 2054 1210 2148 HoustevillekNicolaus
1219 2056 1333 2133 Alory.
1346 2056 1428 2118 Red-

311 2160 402 2223 ditus
414 2162 490 2237 ejus
504 2160 584 2221 sunt
593 2160 841 2240 quinquaginta
850 2161 944 2225 librae
954 2162 1174 2225 turonenses.
1187 2162 1327 2225 Ibi'sunt
1336 2163 1432 2243 quin·

310 2267 474 2347 quaginta
486 2268 541 2329 vel
559 2268 739 2346 sexaginta
752 2271 912 2345 juvenes
931 2286 1078 2349 quorum
1090 2269 1210 2332 decem
1225 2269 1335 2332 solum
1352 2272 1432 2332 sunt

314 2394 329 2431 n
345 2374 601 2453 pensionnistes
613 2396 643 2446 »,
670 2375 780 2437 ceteri
796 2376 911 2437 autem
934 2398 951 2433 ‹<
969 2361 1171 2456 cameristes
1187 2399 1205 2434 »
1226 2378 1283 2439 vel
1303 2400 1321 2434 «
1338 2394 1432 2438 mar-

310 2481 416 2543 116616
437 2504 466 2554 >›,
498 2481 568 2561 qui,
599 2481 646 2543 ait
674 2482 715 2544 de
744 2486 839 2557 Bras
870 2506 888 2539 «
919 2484 998 2545 sont
1012 2484 1147 2545 6616616
1172 2484 1264 2572 dela
1277 2483 1357 2546 ville
1374 2485 1431 2563 qui

267 2640 270 2647 ,
311 2589 514 2651 retournent
527 2592 628 2671 apres
648 2589 742 2651 leurs
758 2591 911 2652 lecturos
937 2607 979 2651 en
996 2590 1091 2652 leurs
1105 2590 1267 2654 maisons
1297 2614 1316 2648 »
1334 2594 1373 2652 In
1390 2608 1432 2653 ea

312 2696 411 2757 domo
443 2697 626 2772 servantur
649 2697 744 2757 bonae
770 2696 934 2758 doctrinae
963 2714 1048 2776 quas
1078 2697 1248 2776 quondam
1276 2685 1432 2760 ¹institnit
1502 2777 1505 2783 Ι
1559 2771 1563 2778 1

311 2804 358 2863 M‘
372 2801 517 2864 Michael
532 2801 663 2863 Natalis
673 2820 680 2875 ;
690 2803 730 2865 de
742 2804 968 2878 Houstouille,
981 2803 1140 2866 Nicolaus
1151 2805 1183 2865 le
1197 2804 1334 2873 Vallois,
1344 2805 1431 2899 11116

270 2908 446 3000 1661666
485 2909 811 2992 grammaticamque
849 2911 990 2990 legunt3
1017 2910 1246 2981 Dialecticam,
1263 2913 1432 2975 Lelabou-
1536 2910 1541 2917 '

283 3008 285 3010 ’
313 3033 406 3079 reur.
434 3016 552 3079 Sancti
576 3017 728 3094 Dionysii
750 3018 851 3093 16616,
878 3019 981 3096 Alory
998 3019 1254 3097 grammaticam
1274 3037 1430 3099 graecam,

312 3123 348 3184 16
375 3139 499 3202 magna
527 3124 605 3186 aula
634 3124 771 3203 collegii
804 3124 854 3204 (ut
882 3125 1068 3188 lectionem
1098 3126 1283 3207 publicam)
1314 3129 1433 3206 legere

313 3230 453 3311 incepit.
471 3231 640 3294 Auctores
670 3231 768 3293 latini
798 3231 856 3311 qui
875 3232 1146 3312 explicabantur,
1164 3235 1244 3296 sunt
1268 3234 1437 3314 Georgica

311 3337 459 3416 Virgilii,
476 3337 518 3400 de
545 3337 704 3401 Amicitia
725 3338 910 3412 Ciceronis,
937 3340 973 3401 61
998 3332 1105 3420 o'pera
1117 3341 1296 3402 Laurentii
1322 3341 1434 3413 Vallae,

307 3444 415 3507 ,unius
443 3462 462 3506 6
488 3445 709 3526 peritissimis
740 3445 967 3508 humanarum
990 3446 1187 3511 litterarum
1211 3448 1316 3511 latine
1349 3447 1439 3511 scri-

316 3551 475 3643 bentibus
490 3552 512 3614 ².
543 3571 545 3574 ·

376 3659 511 3722 Artium
527 3660 643 3723 autem
669 3660 865 3740 collegium,
881 3660 971 3741 quod
994 3660 1207 3725 Universitas
1228 3665 1438 3729 servaverat.
1458 3663 1462 3669 ’

316 3765 357 3828 de
374 3769 457 3828 Bras
475 3767 665 3846 praesertim
688 3768 842 3844 auctore,
866 3771 936 3845 jam
966 3769 1049 3839 satis
1071 3770 1196 3843 fioret3
1222 3769 1459 3850 septuaginta⁴

317 3874 375 3935 aut
402 3874 580 3953 octoginta
600 3873 759 3954 discipuli
785 3874 833 3937 ibi
853 3877 1093 3980 numerqntur.
1113 3877 1334 3940 Professores
1359 3879 1439 3939 sunt

315 3979 462 4042 Michael
477 3981 684 4058 deLaunay,
698 3981 756 4061 qui
769 3981 974 4046 Rhetoricen
986 3984 1313 4071 grammaticamque
1325 3984 1436 4058 docet,

315 4087 462 4149 lacobus
478 4087 702 4166 Buyssonius‚
719 4088 950 4164 Dialecticam,
972 4089 1052 4157 dein
1076 4090 1118 4151 Μ’
1139 4091 1311 4154 Robertus
1329 4093 1439 4180 §ons-

315 4193 480 4269 tantinus,
513 4195 775 4272 celeberrimus
813 4196 871 4276 qui
915 4198 1017 4259 antea
1045 4214 1190 4276 graecam
1219 4197 1368 4277 linguam
1401 4197 1437 4260 in

316 4301 447 4379 Magnis
463 4300 594 4364 Scholis
611 4302 765 4377 docebat,
783 4304 818 4366 61
842 4321 933 4366 6666
957 4303 1045 4366 hanc
1069 4304 1221 4383 lingnam
1252 4304 1450 4384 discipulos.

316 4407 453 4486 collegii
468 4409 579 4474 docet.
602 4411 653 4471 Ita
668 4408 772 4480 etiam
789 4411 972 4473 servantur
984 4409 1141 4474 humanas
1155 4411 1295 4480 1111666.

364 4666 389 4719 1,
402 4678 438 4716 on
455 4664 534 4730 Bnns,
549 4684 592 4733 op.
605 4666 657 4730 611,
674 4670 785 4720 aot-372.

366 4755 392 4806 2.
412 4755 577 4808 Laurentius
594 4756 676 4810 Vella
688 4773 795 4823 quoque
811 4763 870 4810 erat
885 4759 979 4810 critice
992 4765 1082 4811 mente
1094 4761 1235 4824 praeditum
1247 4761 1437 4814 documentum

321 4833 421 4892 dietum
434 4850 446 4884 6
459 4837 577 4888 Donatio
599 4838 767 4890 Constantini
790 4839 958 4903 imperatoris
972 4856 984 4890 6
1001 4854 1096 4890 verum
1118 4857 1178 4892 6666
1198 4843 1333 4906 negabat:
1352 4858 1437 4906 quare
1529 4853 1532 4858 '

318 4915 456 4967 reformati
468 4922 560 4969 autem
572 4917 598 4968 ei
611 4917 704 4970 favere
719 4925 851 4983 poterant.
871 4919 908 4970 of.
928 4920 1033 4982 Pastor,
1050 4920 1173 4971 Histoire
1188 4921 1232 4971 des
1246 4922 1347 4987 Paper,
1359 4923 1431 4975 trad.

317 4995 357 5058 fn,
372 4999 513 5063 v,98,t19,
528 4998 579 5061 134,
594 4999 647 5048 138.
660 5000 722 5050 Jam
732 5000 823 5064 primis
833 5001 909 5050 annis
924 4999 988 5051 XVI
997 5001 1098 5063 saeculi,
1112 5003 1253 5054 Laurentii
1261 5002 1349 5053 vallae
1364 5019 1377 5053 u
1393 5004 1436 5054 De

317 5091 407 5130 amore
422 5093 435 5128 n
450 5077 533 5140 editio
546 5077 657 5133 cadomi
671 5079 736 5136 data
752 5086 818 5136 erat·
