3950 5975
2003 774 2410 841 .—82—

1115 930 1379 993 d’icelle
1408 933 1751 1010 pourront
1781 932 1970 995 estre
2001 931 2197 994 faictz
2241 933 2482 1009 leguez
2514 931 2585 992 et
2615 931 2875 993 donnez
2904 946 3033 1008 par
3062 930 3359 1007 quelque

1112 1053 1482 1115 personne.
1515 1060 1551 1093 »
1600 1038 2064 1101 commissarii
2092 1040 2259 1100 tunc
2304 1039 2744 1116 receptorem
2794 1035 3151 1113 vectigalis
3205 1036 3359 1097 sali-

1110 1143 1287 1205 narii
1316 1145 1388 1206 et
1417 1144 1861 1209 denariorum
1906 1163 2058 1224 quae
2110 1143 2556 1207 Universitati
2586 1126 2972 1205 liberaliter
3000 1142 3071 1203 in
3109 1143 3355 1220 poste-

1113 1267 1267 1312 rum
1293 1250 1648 1323 darentur,
1682 1252 2008 1330 legerunt
2038 1250 2446 1335 Michaelem
2474 1250 2732 1329 Angier
2762 1251 2805 1322 ¹,
2844 1249 2960 1327 qui
2990 1264 3360 1311 numerosa

1111 1356 1289 1420 dona
1317 1357 1603 1432 recepit,
1657 1380 1692 1414 ‹
1725 1358 1841 1420 dot
1872 1359 2240 1437 perpetual
2291 1360 2361 1420 et
2418 1357 2827 1419 inalienable
2877 1356 2961 1418 de
3017 1354 3358 1417 l'Univer-

1112 1463 1327 1524 site.»
1377 1464 1799 1526 Donatorum
1849 1465 2143 1535 rotulus,
2206 1464 2318 1525 cui
2376 1464 2641 1542 primus
2698 1462 3106 1542 inscribitur
3153 1462 3353 1535 abbas

1108 1569 1468 1642 Ardennae,
1529 1567 2010 1635 Universitatis
2077 1570 2473 1649 suppositus
2524 1568 3004 1638 fidelissimus,
3062 1577 3347 1646 quorum

1110 1677 1308 1737 erant
1356 1677 1593 1755 plures
1641 1676 1842 1738 Urbis
1893 1676 2227 1749 officiarii,
2284 1694 2321 1739 e
2368 1693 2790 1755 pergamena
2845 1675 3087 1736 charta
3134 1674 3347 1735 factus

1108 1783 1236 1844 est.
1281 1785 1648 1844 Decretum
1680 1783 1809 1844 fuit
1839 1784 2007 1845 duas
2039 1784 2306 1845 tabulas
2339 1782 2683 1845 faciendas
2717 1799 2896 1853 esse,
2944 1804 2979 1838 ‹<
3011 1781 3176 1842 dont
3217 1781 3351 1842 l’un

1109 1899 1266 1949 sera
1288 1892 1542 1967 appose
1575 1906 1661 1951 en
1693 1890 1832 1951 lieu
1856 1891 2191 1972 apparent
2223 1906 2309 1951 en
2334 1890 2400 1950 la
2419 1888 2681 1951 maison
2714 1891 2784 1950 et
2813 1888 2998 1950 h-otel
3031 1903 3348 1949 commun

1106 1995 1190 2055 de
1237 1996 1304 2055 la
1345 1995 1508 2057 ville
1557 1996 1627 2057 et
1673 1996 2052 2058 l'autre‘au
2104 1996 2415 2074 chapitre
2464 1996 2553 2057 du
2608 1996 2903 2057 couvent
2935 1994 3055 2056 des
3105 1996 3346 2055 Freres

1106 2100 1413 2165 Mineurs
1446 2101 1491 2162 Ξ.
1519 2124 1555 2157 »
1589 2104 1636 2161 E
1670 2102 1861 2163 novis
1894 2102 2297 2173 redditibus,
2333 2100 2788 2165 commissarii
2810 2100 3068 2178 aliquot
3089 2100 3343 2178 profes·

1105 2207 1406 2278 surinus,
1464 2211 1499 2266 J
1507 2208 1762 2270 ohanni
1821 2208 2139 2280 Ruxelio,
2210 2209 2415 2271 antea
2474 2211 2619 2285 jam
2672 2201 2895 2269 electo
2953 2206 3348 2285 professore

1103 2313 1515 2392 eloquentiae
1547 2316 1619 2376 et
1666 2315 2060 2376 litterarum
2100 2314 2580 2386 humanarum,
2633 2314 2750 2393 qui
2796 2315 3141 2393 praeterea
3171 2330 3347 2373 nunc

1103 2420 1483 2482 Instituarii
1509 2438 1798 2483 munere
1825 2422 2189 2483 functurus
2217 2423 2367 2483 erat
2390 2422 2435 2494 3,
2458 2425 2492 2481 J
2502 2421 2713 2483 acobo
2728 2419 3171 2499 Cahagnesio‚
3197 2420 3346 2480 doc-

1100 2526 1238 2587 tori
1284 2527 1799 2607 professorique
1859 2528 1929 2589 in
1975 2528 2327 2591 Medicinae
2381 2529 2730 2600 facultate,
2764 2528 2835 2588 in
2868 2546 3004 2606 qua
3032 2546 3070 2589 a
3099 2543 3339 2588 novem

1103 2632 1297 2694 annis
1350 2634 1659 2706 docebat,
1692 2633 1993 2696 Johanni
2040 2638 2224 2698 Paon
2277 2637 2347 2697 et
2403 2634 2683 2713 Tanigio
2714 2634 3103 2706 Buissoni0‚
3136 2634 3341 2695 lecto-

1100 2738 1288 2800 ribus
1339 2739 1411 2800 in
1434 2742 1620 2816 jure,
1654 2742 1958 2819 Bosquet
1996 2741 2264 2804 doctori
2292 2743 2361 2803 et
2400 2741 2659 2803 decano
2692 2739 3037 2802 facultatis
3067 2740 3340 2801 theolo-

1097 2844 1249 2921 giae,
1314 2863 1602 2908 munera
1649 2848 2037 2909 cesserunt.
2076 2847 2375 2925 Collegia
2417 2848 2785 2924 Sylvanum.
2823 2849 2893 2908 et
2934 2846 3222 2918 Artium,
3264 2847 3339 2907 ut

1096 2953 1420 3030 regentes
1478 2952 1573 3014 ibi
1619 2954 2083 3030 nutrirentur,
2142 2954 2483 3033 stipendia
2513 2970 2785 3033 quoque
2822 2953 3246 3032 recipiebant
3289 2949 3331 3013 4.

1096 3061 1198 3118 Ita
1236 3059 1466 3121 autem
1509 3062 1892 3134 munerata,
1930 3061 2355 3123 Universitas
2394 3063 2522 3122 sub
2554 3062 2774 3122 tutela
2801 3061 2992 3127 urbis
3033 3059 3332 3139 ponitur.

1091 3186 1127 3220 «
1173 3168 1302 3227 Les
1362 3165 1638 3228 deniers
1699 3167 1814 3245 qui
1870 3167 1969 3228 lui
2028 3169 2184 3230 sont
2232 3168 2537 3230 destines
2567 3169 2717 3229 tant
2765 3184 2892 3246 par
2928 3167 2994 3229 16
3033 3167 3157 3229 Roi
3206 3182 3336 3245 que

1090 3288 1218 3348 par
1247 3273 1481 3333 autres
1511 3273 1965 3336 bienfaiteurs
1999 3275 2236 3336 seront
2258 3275 2609 3352 employes
2632 3279 2672 3335 a
2691 3275 3186 3335 l'avancement
3215 3275 3334 3334 des

1089 3378 1361 3438 Lettres
1402 3381 1474 3439 et
1500 3378 2076 3457 principalement
2108 3382 2228 3442 des
2262 3381 2550 3442 facultes
2583 3381 2701 3459 qui
2734 3382 2973 3442 seront
3011 3382 3335 3442 trouvees

1085 3483 1238 3560 plus
1279 3485 1711 3547 necessaires
1759 3491 1798 3547 a
1843 3489 1909 3547 la
1950 3487 2278 3566 province
2326 3489 2395 3548 et
2440 3504 2524 3548 au
2576 3487 2730 3549 bien
2781 3484 3034 3566 public,
3078 3487 3331 3569 et'non

1086 3589 1391 3666 ailleurS,
1427 3608 1588 3653 sous
1620 3593 1824 3671 peine
1857 3610 1994 3654 aux
2024 3593 2532 3655 ordonnateurs
2566 3596 2635 3655 et
2672 3609 3011 3656 receveur
3039 3593 3127 3654 du
3160 3609 3331 3670 qua-

1083 3697 1327 3775 druplo
1366 3697 1450 3759 de
1488 3715 1566 3759 ce
1599 3698 1716 3778 qui
1749 3700 1972 3761 aurait
2010 3702 2122 3761 ete
2169 3699 2553 3772 interverti,
2590 3701 2655 3762 16
2700 3701 2851 3761 tout
2880 3699 3253 3778 applicable
3292 3703 3331 3759 a

1081 3802 1539 3864 l'Universite.
1574 3809 1703 3866 Les
1729 3823 1938 3883 gages
1965 3807 2346 3867 dessusdits
2365 3808 2706 3885 pourront
2723 3806 2876 3868 etre
2898 3806 3324 3884 augmenteS,

1037 3949 1040 3952 -
1083 3910 1489 3971 retranches
1537 3927 1624 3972 ou
1675 3916 2015 3990 revoques
2066 3912 2257 3974 selon
2289 3913 2389 3974 les
2422 3913 2707 3974 meritos
2738 3913 2857 3974 des
2890 3912 3324 3993 professeurs

1076 4032 1203 4093 par
1233 4032 1368 4077 une
1391 4016 1844 4080 deliberation
1878 4020 1966 4080 du
1993 4019 2200 4090 bailli,
2238 4008 2318 4080 de
2353 4036 2463 4080 ses
2495 4019 2938 4093 lieutenants‚
2975 4019 3063 4080 du
3082 4034 3327 4098 procu·
3417 4047 3424 4051 ·

1077 4137 1247 4183 reur
1272 4123 1360 4184 du
1397 4123 1523 4184 Roi
1550 4126 1620 4185 et
1653 4125 1773 4186 des
1802 4109 2128 4187 echevins
2160 4127 2231 4186 et
2261 4126 2563 4187 d'autres
2599 4109 2911 4188 notables
2940 4141 3327 4204 personnes

1075 4228 1274 4305 qu’ils
1301 4231 1645 4308 pourront
1674 4231 1961 4309 appeler
1989 4248 2170 4310 pour
2197 4233 2262 4293 le
2293 4232 2448 4294 bien
2481 4233 2563 4294 de
2596 4231 3036 4294 l'Universite
3066 4231 3112 4291 5.
3148 4253 3185 4287 »

1161 4450 1196 4497 Ι.
1248 4449 1295 4496 Ε
1338 4455 1504 4512 gente
1556 4451 1851 4501 celebrium
1893 4452 2353 4515 typographorum
2401 4451 2830 4504 Cadomensium.
2879 4452 2959 4502 Of.
2998 4452 3067 4500 L.
3105 4450 3312 4501 Delisle

1067 4527 1468 4592 L'imprimerie
1495 4529 1531 4578 ὰ
1563 4528 1729 4580 C'aen.
1751 4569 1792 4579 ..

1159 4610 1204 4657 2.
1239 4608 1436 4660 Charte
1465 4609 1560 4660 des
1604 4609 1737 4660 dons
1776 4616 1831 4660 et
1878 4627 2126 4662 omosnes
2174 4615 2207 4660 a
2248 4611 2597 4662 l'Universite
2643 4612 2710 4663 de
2755 4612 2917 4662 Caen.
2961 4608 3141 4673 (Arch.
3184 4608 3328 4690 dep,

1065 4687 1135 4738 D.
1158 4688 1224 4737 49
1252 4688 1331 4737 ed.
1361 4690 1536 4740 Benet
1563 4706 1602 4751 1,
1632 4692 1728 4752 81.)
2940 4688 2946 4693 ’

1158 4772 1203 4816 3.
1231 4769 1704 4820 Extraordinarius
1734 4771 1908 4820 lector
1939 4771 2155 4821 videtur
2188 4787 2326 4832 esse,
2360 4772 2416 4820 in
2450 4772 2683 4835 collegio
2706 4771 2911 4835 jurium
2938 4777 2996 4822 et
3023 4770 3317 4822 Facultate

1063 4847 1273 4897 Artium
1306 4855 1366 4899 ut
1391 4849 1624 4901 lectores
1655 4850 1889 4914 Collegii
1913 4851 2127 4900 Galliae.
2793 4901 2799 4906 .

1153 4930 1198 4976 4,
1230 4929 1647 4981 Proces·verbal
1686 4931 1871 4982 dresse
1899 4946 1999 4994 par
2031 4931 2218 4982 Pierre
2248 4931 2300 4982 le
2330 4931 2531 4983 Jumel.
2580 4931 2766 4995 (Arch.
2814 4931 2983 4993 Oalv„
3028 4931 3095 4994 D,
3127 4932 3205 4992 49,
3232 4929 3315 4980 ed.

1053 5007 1245 5070 Benet,
1271 5024 1311 5069 1,
1339 5010 1468 5060 310.)

1147 5089 1191 5138 5.
1220 5085 1366 5140 Ibid.
