3950 5975
963 1220 1533 1295 APPENDICES.
1595 1264 1687 1277 --
1739 1223 2277 1301 DOCUMENTA
2328 1227 2705 1301 INEDITA.

1823 1507 1845 1560 I

925 1690 1178 1750 CAROLUS
1230 1706 1475 1748 OCTAVUS
1513 1706 1582 1747 ΑΒ
1629 1692 2039 1756 ΠΝΝΒΒΞΙΤΑΤΕ
2080 1674 2406 1758 ΒΑΒΟᾙΕΝδΙ
2443 1708 2737 1754 ΒΕΟΕΡΤΌΞ.
2813 1731 2816 1734 -

2291 1834 2605 1875 conclusionum
2627 1843 2731 1882 reg..
2755 1834 2784 1880 1,
2807 1835 2842 1875 {0
2865 1838 2946 1878 lin.

2356 1906 2519 1946 Archiv.
2538 1906 2660 1951 calv..
2685 1907 2742 1953 D..
2766 1909 2824 1947 6³5.

767 2100 1026 2153 Rectoria
1055 2100 1316 2167 Maqistri
1345 2100 1618 2156 Johannis
1655 2102 1870 2154 Osmont
1905 2101 2329 2154 Constanciemia
2354 2080 2593 2153 ditionis
2621 2102 2679 2153 in
2712 2118 2877 2153 sacra

1074 2171 1077 2177 ¹
1206 2184 1428 2249 paqina
1456 2184 1720 2235 licentiati
1751 2189 1798 2233 et
1825 2183 1885 2233 in
1914 2182 2124 2233 artibus
2151 2182 2424 2247 magistri.
2874 2207 2877 2213 ·

807 2380 1078 2451 EJusdem
1121 2381 1254 2435 anni
1302 2381 1438 2437 1488
1486 2391 1546 2437 et
1591 2380 1808 2438 mensis
1853 2381 2079 2436 decima
2123 2394 2276 2436 nona
2317 2381 2407 2435 die
2453 2380 2561 2437 fuit
2598 2378 2942 2438 Universitas

701 2479 1056 2544 sollemniter
1094 2484 1444 2547 congregata
1471 2485 1602 2549 post
1638 2479 1917 2534 lectiones
1959 2477 2273 2533 ordinarias
2300 2479 2454 2547 apud
2481 2478 2729 2533 Minores
2765 2492 2938 2548 super

695 2576 878 2631 tribus
904 2575 1245 2631 articulis...
1279 2575 1563 2642 Quantum
1600 2578 1672 2632 ad
1699 2577 1946 2645 primum
1983 2576 2307 2644 articulum,
2338 2576 2549 2644 placuit
2577 2576 2934 2645 Universitati

698 2679 758 2729 et
784 2675 862 2729 ita
889 2675 946 2729 in
983 2675 1322 2731 conclusum
1358 2675 1465 2729 fuit
1501 2680 1566 2730 ut
1607 2688 1741 2731 cum
1774 2674 1926 2730 omni
1968 2674 2295 2729 reverentia
2323 2679 2383 2728 et
2415 2674 2634 2729 honore
2665 2663 2930 2743 possibili,

698 2772 779 2827 uti
801 2770 1017 2827 licitum
1038 2777 1098 2826 et
1110 2772 1231 2841 juri
1249 2777 1723 2837 consentaneum,
1754 2772 2117 2840 reciperetur
2146 2770 2653 2828 christianissimus
2671 2772 2930 2830 dominus

697 2876 895 2924 noster
936 2870 1157 2924 Rex·et
1196 2871 1464 2939 princeps
1512 2876 1712 2924 noster
1747 2870 2040 2936 naturaliS,
2074 2869 2221 2923 inter
2271 2868 2434 2923 ulnas
2478 2883 2597 2922 suae
2641 2870 2930 2937 legittimw

692 2967 818 3022 filiae
850 2972 910 3023 et
943 2968 1213 3023 naturalis
1254 2968 1638 3024 Universitatis
1667 2966 2057 3033 CadomensiS,
2089 2967 2357 3036 quodque
2393 2972 2590 3023 rector
2627 2981 2758 3022 cum
2807 2982 2893 3023 om
2906 2999 2926 3003 =-

687 3066 854 3120 nibus
900 3066 1132 3121 decanis
1179 3065 1508 3121 doctoribus
1549 3066 1832 3134 magistris
1876 3079 1946 3119 ac
1988 3064 2301 3120 scolaribus
2339 3065 2397 3119 in
2435 3065 2629 3119 habitu
2672 3065 2918 3131 decenti,

685 3179 817 3219 cum
862 3163 1034 3232 capis,
1087 3163 1257 3232 virgis
1303 3169 1364 3218 et
1408 3163 1622 3218 ceteris
1664 3163 2016 3219 ornamentis
2063 3168 2225 3217 extra
2273 3167 2494 3231 portam
2534 3161 2778 3218 Civitatis
2810 3178 2922 3218 non

682 3262 853 3330 longe
886 3266 1079 3316 tamen
1123 3261 1505 3315 serenissimae
1544 3261 1826 3331 majestati
1864 3259 2082 3315 obviam
2125 3260 2473 3329 procederet
2516 3265 2575 3314 et
2613 3274 2804 3315 coram
2851 3275 2918 3316 et]

681 3363 1032 3428 proponeret
1060 3359 1254 3426 paucis
1283 3359 1470 3414 verbis
1509 3373 1612 3412 suo
1638 3357 2055 3428 jocundissimo
2086 3358 2354 3412 adventui
2382 3357 2654 3426 hylariter
2683 3371 2918 3426 congra-

677 3457 939 3512 tulando.
987 3457 1152 3522 Quod
1183 3457 1410 3526 quidem
1444 3456 1518 3511 ita
1554 3457 1765 3511 factum
1797 3461 1905 3510 est.
1956 3457 2196 3524 Insuper
2246 3456 2535 3524 deputavit
2573 3456 2914 3511 Universitaa·

677 3554 1078 3609 Reverendum
1103 3555 1432 3621 magistrum
1465 3558 1722 3608 nostrum
1754 3554 2086 3621 magistrum
2124 3552 2467 3618 Quentinum
2501 3552 2682 3617 Fabri,
2706 3568 2910 3620 magne¹

672 3651 939 3707 facundie
968 3652 1023 3705 in
1062 3652 1239 3706 sacris
1275 3652 1478 3706 litteris
1505 3652 1892 3720 professorem
1925 3651 2339 3718 dignissimum,
2371 3651 2443 3704 ad
2473 3652 2906 3718 proponendum

675 3764 866 3805 coram
897 3750 1059 3818 regia
1082 3751 1382 3820 majestate
1411 3750 1466 3803 in
1497 3750 1745 3804 crastino
1770 3750 1858 3803 sui
1886 3763 2159 3804 accessus
2188 3749 2339 3817 apud
2373 3763 2539 3807 suurn
2580 3749 2902 3816 hospitium.

671 3848 834 3913 Quod
862 3849 935 3902 ita
971 3848 1186 3903 factum
1216 3854 1326 3914 est,
1362 3849 1420 3902 in
1449 3848 1756 3917 praesentia
1783 3848 2026 3905 rectoris
2060 3852 2506 3915 ceterorumque
2548 3846 2902 3921 dominorum

668 3946 740 4002 de
786 3945 1160 4000 Universitate
1197 3946 1585 4013 presentando
1624 3944 1728 3998 sibi
1772 3945 2045 3999 articulos
2084 3959 2151 3999 ex
2194 3948 2356 4013 parte
2387 3944 2773 4014 Universitatis
2802 3959 2906 4012 per

665 4040 930 4111 egregios
975 4043 1126 4097 viros
1163 4047 1336 4111 atque
1371 4042 1773 4097 disertissimos
1810 4042 1958 4112 ⁸iuris
2001 4042 2238 4110 peritos,
2274 4042 2566 4096 dominum
2601 4055 2902 4096 conserva—

662 4146 846 4196 torem
878 4145 939 4195 et
965 4140 1255 4195 dominum
1299 4143 1370 4196 de
1414 4140 1772 4196 Ravenovilla
1801 4140 2122 4195 confectos,
2156 4139 2456 4209 Deputavit
2486 4139 2720 4208 insuper
2756 4154 2893 4194 acu-

661 4238 937 4293 tissimum
986 4253 1167 4293 sacrae
1218 4239 1440 4310 paginae
1505 4237 1894 4308 professorem
1945 4238 2279 4306 magistrum
2324 4237 2601 4292 Jocobum
2646 4239 2893 4292 Avainne

660 4337 730 4391 ad
767 4337 1202 4405 proponendum
1229 4351 1420 4391 coram
1465 4336 1663 4391 illustri
1694 4336 1949 4406 principe
1995 4335 2222 4390 domino
2262 4336 2410 4390 duce
2449 4337 2520 4390 de
2560 4335 2891 4405 Ammonio,

658 4435 813 4503 quod
859 4434 1028 4488 etiam
1066 4434 1286 4490 factum
1338 4440 1427 4488 est
1476 4435 1532 4489 in
1578 4436 1885 4504 praesentia
1927 4435 2172 4490 rectoris
2211 4438 2271 4488 et
2322 4449 2488 4502 quam
2520 4433 2890 4501 plurimorum

658 4533 1018 4588 dominorum
1060 4532 1131 4586 de
1178 4533 1576 4589 Universitate‚
1622 4533 2031 4590 Praesentando
2080 4532 2250 4588 etiam
2294 4531 2565 4586 articulos
2613 4544 2681 4585 ex
2732 4535 2893 4598 parte

653 4629 1044 4685 Universitatis
1059 4644 1204 4699 quos
1225 4632 1473 4699 benigne
1502 4629 1779 4698 suscepit,
1801 4631 1936 4686 licet
1963 4632 2175 4700 scripto
2206 4629 2475 4686 effectum
2508 4643 2623 4682 non
2645 4643 2893 4683 conces-

655 4727 818 4785 serit.
898 4722 1334 4800 Proposuerunt
1384 4743 1584 4784 rursus
1646 4743 1761 4783 non
1816 4729 2005 4782 minus
2061 4742 2228 4796 quam
2298 4726 2596 4795 eleganter
2644 4726 2887 4780 multum

654 4824 1004 4882 famatissimi
1051 4827 1339 4896 doctoreS‚
1366 4826 1629 4881 videlicet
1675 4825 1950 4894 magister
2006 4827 2297 4881 Johanne's
2348 4823 2402 4880 le
2446 4823 2644 4891 Riche,
2677 4824 2885 4879 artium

659 4930 717 4980 et
743 4924 1041 4980 medicinae
1072 4921 1277 4978 doctor
1305 4924 1919 4990 commendatissimuS‚
1948 4937 2142 4980 coram
2168 4923 2402 4992 egregio
2419 4921 2540 4977 viro
2568 4936 2635 4975 ac
2658 4922 2885 4976 domino

637 5003 891 5077 'domino
935 5021 1005 5076 de
1037 5018 1300 5089 Gravilla,
1332 5018 1660 5078 Admiraldo
1695 5022 1929 5078 Franoie
1970 5021 2275 5088 tutissimO,
2306 5026 2366 5075 et
2407 5019 2681 5093 praefatus
2714 5033 2881 5074 reve-

661 5118 879 5173 rendus
952 5117 1226 5186 magister
1289 5123 1506 5186 noster,
1574 5118 1844 5186 magister
1917 5118 2255 5185 (luentium,
2313 5131 2504 5172 coram
2558 5115 2883 5183 dignissimo

546 5093 588 5105 l
