3950 5975
2067 708 2412 772 -74-

1110 868 1618 931 commissarios
1648 867 1816 947 legit
1863 870 1944 931 ad
1986 867 2471 949 inquirendum
2514 867 2598 929 de
2631 869 3097 934 Universitate
3140 873 3346 935 Gade-

1110 977 1352 1050 mensi,
1386 979 1667 1039 Petrum
1718 976 2099 1037 Gemellum
2131 974 2539 1038 Lisaureum
2585 978 2655 1038 et
2699 979 3031 1042 Jacobum
3078 980 3349 1041 Gorval-

1108 1083 1361 1146 diuum.
1433 1084 1579 1155 Qui,
1653 1066 1976 1159 adjunot‘o
2039 1081 2443 1160 Valquelino
2521 1082 2860 1146 Fraxineo
2927 1084 3345 1148 locumtente

1107 1188 1416 1267 generali
1460 1188 1738 1260 baillivi,
1802 1187 2064 1250 octobri
2111 1203 2349 1250 mense
2387 1205 2515 1278 per
2542 1189 2691 1251 tres
2743 1190 2915 1260 dies,
2954 1189 3344 1253 vicesimam

1107 1296 1176 1358 et
1207 1295 1591 1374 septimam,
1622 1295 1932 1357 octavam
1961 1295 2034 1359 et
2063 1310 2336 1365 nonam,
2368 1279 2790 1374 principales
2831 1296 3339 1382 officiariosque

1108 1402 1571 1481 regentesque
1601 1400 2089 1477 Universitatis
2119 1402 2543 1478 rogaverunt
2580 1402 2623 1463 ¹.

1224 1510 1319 1570 De
1377 1507 1729 1570 officiariis
1789 1508 2110 1585 quaerunt
2176 1506 2632 1569 commissarii
2690 1508 3214 1587 praesertimque
3263 1509 3346 1572 de

1107 1616 1496 1691 receptore.
1540 1613 1868 1676 Redditus
1919 1613 2150 1679 autem
2206 1613 2458 1674 modici
2507 1613 2991 1676 Universitatis
3039 1632 3176 1677 non
3231 1617 3347 1678 illo

1103 1698 1420 1797 tempore
1451 1720 1742 1782 multum
1772 1719 2017 1781 minuti
2066 1735 2227 1782 esse
2263 1717 2589 1782 videntur
2611 1719 2663 1781 ².
2716 1722 3009 1795 Tantum
3050 1722 3240 1786 abest
3273 1723 3347 1784 ut

1109 1826 1333 1887 studia
1351 1804 1685 1905 prospera
1701 1842 1856 1887 esse
1883 1824 2273 1898 videantur,
2296 1826 2374 1887 ut
2405 1826 2538 1888 duo
2564 1826 2700 1887 sint
2720 1828 2942 1889 solum
2972 1814 3260 1905 collegia
3279 1829 3347 1889 in

1109 1933 1353 2012 quibus
1377 1933 1861 1995 exerceantur.
1896 1932 2269 2010 Collegium
2299 1934 2531 1994 autem
2560 1934 2891 1995 Clouterii
2922 1934 3345 2014 scholaribus

1108 2041 1289 2117 eget,
1347 2057 1733 2118 quanquam
1762 2038 1846 2099 in
1909 2039 2177 2100 recenti
2227 2028 2534 2116 generali
2593 2040 3134 2118 congregatione
3187 2058 3349 2102 can-

1110 2147 1319 2208 didati
1351 2163 1424 2208 se
1445 2146 1962 2230 proposuerunt
1991 2145 2071 2206 ad
2102 2144 2474 2208 obtinenda
2501 2145 2925 2225 principaliS,
2959 2148 3348 2225 regentium

1111 2254 1181 2315 et
1220 2254 1585 2315 bursarum
1636 2268 1943 2314 munera.
1982 2255 2057 2312 In
2103 2252 2391 2328 Sylvano
2435 2254 2664 2314 autem
2699 2254 3019 2331 collegio,
3052 2254 3350 2334 quinque

1112 2360 1363 2422 scholae
1407 2361 1565 2421 sunt
1597 2359 2059 2438 grammaticae
2106 2358 2647 2438 rhetoricaeque3
2689 2360 2782 2421 ibi
2814 2360 3064 2422 docent
3102 2360 3348 2439 liuguae

1112 2484 1354 2546 graecae
1377 2467 1599 2530 lector
1617 2464 2211 2545 philosophiaeque
2233 2465 2613 2544 professor,
2631 2469 2721 2527 Mr
2741 2469 2777 2525 J
2783 2467 3091 2529 ohannes
3114 2468 3349 2540 Cabart

1114 2572 1230 2651 qui
1258 2572 1759 2652 philosophiam
1811 2572 2064 2633 docere
2094 2572 2164 2632 in
2215 2570 2481 2633 Artium
2514 2572 2837 2635 facultate
2867 2572 3089 2663 petiit.
3125 2576 3349 2636 Cessa-

1110 2681 1360 2742 verunt
1415 2678 1979 2747 exercitationes,
2025 2678 2217 2740 brevi
2263 2680 2595 2759 tempore,
2631 2680 2789 2741 ante
2852 2678 3005 2741 1579
3076 2697 3346 2753 annum,

1114 2786 1232 2848 sed
1266 2786 1556 2847 assiduae
1585 2803 1767 2847 nunc
1801 2788 2029 2855 sunt,J
2037 2784 2305 2846 ohanne
2336 2785 2550 2847 Collet
2576 2785 2958 2865 principali.
2978 2786 3343 2865 Collegium

1110 2894 1375 2955 Artium
1427 2893 1608 2971 quod
1659 2892 2031 2953 Facultatis
2069 2892 2199 2964 est,
2249 2892 2330 2952 ab
2384 2909 2467 2952 ea
2514 2893 2895 2954 collocatur
2935 2910 3058 2972 per
3088 2894 3346 2955 certum

1109 3004 1382 3080 tempus
1426 2998 1791 3080 principali
1843 2999 1957 3078 qui
2014 2999 2259 3077 viginti
2310 3000 2563 3061 solidos
2628 3017 2667 3061 a
2714 3016 2986 3078 quoque
3060 3000 3348 3063 scholari

1109 3108 1422 3189 percipit.
1477 3107 1574 3168 Ibi
1633 3108 1793 3168 sunt
1851 3106 2150 3184 quatuor
2198 3105 2452 3168 scholae
2529 3106 2992 3184 grammaticae
3049 3099 3352 3169 rhetori-

1111 3230 1344 3292 caeque
1404 3216 1473 3276 et
1514 3229 1786 3292 quoque
1833 3211 2285 3291 philosophiae
2319 3213 2678 3291 professor
2708 3213 2781 3275 et‘
2819 3213 3071 3292 linguae
3111 3202 3380 3292 graecae'

1107 3323 1355 3383 lector.
1397 3325 1471 3381 In
1505 3321 1772 3382 Artium
1805 3319 2153 3393 facultate,
2188 3318 2517 3380 cathedra
2536 3320 2992 3399 philosophiae
3014 3320 3350 3382 -solaindi-

1108 3429 1326 3495 catur,
1367 3446 1515 3506 quae
1567 3428 1878 3488 ceterum
1921 3426 2317 3505 praestabat.
2367 3425 2527 3504 quia
2566 3426 2712 3505 ejus
2746 3426 3060 3488 doctrina
3107 3428 3350 3488 bacca-

1107 3535 1363 3596 laureis
1396 3534 1476 3595 ad
1518 3534 1815 3596 licentiae
1877 3532 2130 3610 gradus
2191 3530 2669 3610 adipiscendos
2708 3527 3127 3594 ¹necessaria
3182 3540 3344 3594 erat.

1109 3639 1848 3725 Quibusjnquirendis
1904 3654 2035 3717 per
2087 3638 2520 3699 turbationes
2564 3639 2837 3718 tempus
2882 3639 3345 3700 necessarium

1107 3747 1466 3826 professor
1494 3745 1769 3807 brevius
1802 3745 1987 3817 fecit.

1233 3856 1306 3913 In
1344 3853 1608 3930 jurium
1656 3852 1970 3930 collegio,
2021 3850 2323 3930 quinque
2373 3850 2768 3912 doctoribus
2818 3867 3148 3913 numerus
3199 3868 3350 3930 pro-

1109 3961 1452 4021 fessorum
1481 3959 1849 4037 impletur:
1889 3957 2006 4036 qui
2038 3958 2197 4019 sunt
2217 3955 2531 4018 Claudius
2553 3957 2980 4029 BuissoniuS,
3003 3958 3347 4019 Johannes

1109 4071 1315 4141 Paon,
1363 4066 1713 4127 ‚Iohannes
1758 4066 1846 4127 du
1897 4065 2186 4134 Moncel‚
2235 4064 2527 4125 coenobii
2574 4065 2911 4126 Ardennae
2964 4060 3343 4143 religiosuS,

1201 4309 1242 4355 l.
1275 4296 1632 4367 Valquelinus
1667 4305 1860 4356 Oarolo
1889 4304 1957 4354 de
1987 4302 2388 4365 Bourgueville‚
2432 4318 2620 4352 socero
2664 4319 2762 4354 suo
2805 4304 2927 4353 1572
2956 4319 3097 4354 anno
3135 4319 3345 4353 succes-

1106 4390 1266 4436 serat.
1292 4386 1373 4446 (A.
1406 4386 1466 4434 P.
1487 4371 1936 4448 LEMERcmRsop.
1970 4383 2074 4443 cit„
2101 4399 2151 4446 p.
2184 4383 2259 4443 54,
2295 4387 2349 4432 et
2381 4382 2433 4431 J.
2467 4383 2738 4444 TRAVERS,
2773 4383 2996 4433 OEuvrea
3028 4383 3260 4443 diverses
3289 4400 3347 4432 en

1100 4481 1264 4529 prose
1290 4471 1334 4514 et
1364 4482 1426 4514 en
1449 4481 1566 4514 vers
1595 4464 1656 4514 de
1675 4465 1731 4515 J.
1771 4464 2084 4528 Vauquelin,
2109 4480 2158 4525 p.
2183 4463 2394 4524 xxvm.)
2435 4463 2676 4522 Quaestio
2702 4463 3183 4517 commissariorum
3206 4464 3347 4514 inve-

1104 4546 1263 4597 nitur.
1297 4545 1473 4605 (Arch.
1512 4544 1678 4606 C'alv„
1710 4547 1776 4607 D,
1802 4547 1892 4606 503
1920 4542 2068 4603 add„
2101 4543 2182 4592 ed.
2212 4543 2403 4603 Benet,
2424 4558 2457 4604 1,
2481 4544 2615 4604 3¹1.)
3032 4601 3042 4618 Ι

1202 4628 1245 4675 2.
1275 4625 1540 4675 Redditus
1578 4624 1962 4678 Universitatis
1996 4630 2127 4672 tunc
2156 4623 2234 4671 ita
2260 4622 2448 4672 haberi
2485 4622 2769 4672 videntur:
2812 4629 3029 4674 centum
3070 4630 3126 4680 et
3163 4624 3344 4674 decem

1108 4705 1276 4766 librae,
1305 4710 1446 4754 mter
1474 4721 1609 4768 quas
1637 4705 1829 4768 viginti
1859 4710 1913 4754 et
1947 4709 2069 4754 octo
2095 4703 2300 4752 relictae
2334 4718 2367 4750 a
2403 4701 2677 4765 Stephano
2713 4703 2779 4753 de
2804 4704 2981 4765 Valle,
3016 4704 3086 4753 ad
3120 4705 3344 4755 conden—

1110 4785 1233 4834 dum
1271 4775 1547 4848 praemium
1587 4784 1918 4845 Palinodiae3
1963 4783 2056 4845 qui
2091 4782 2334 4832 redditus
2365 4782 2788 4833 extrahebantur
2823 4801 2853 4834 e
2876 4785 3032 4836 domo
3063 4785 3340 4844 collocata,
3381 4784 3391 4795 “

1101 4865 1262 4927 juxta
1314 4865 1724 4927 Cordigerorum
1770 4863 2074 4914 coenobium
2125 4862 2243 4923 sita,
2296 4861 2658 4925 quadraginta
2711 4864 2864 4915 librae
2916 4865 3266 4915 exsolvuntur
3314 4879 3343 4912 a

1111 4944 1321 4994 domino
1352 4945 1418 4994 de
1456 4941 1774 5005 TourailleS‚
1820 4943 1915 4994 alii
1958 4941 2203 4994 redditus
2246 4957 2277 4992 e
2315 4941 2636 5004 quibusdam
2660 4943 2901 5006 personis
2936 4944 3029 5006 qui
3068 4959 3213 5007 saepe
3241 4959 3344 4994 non

1110 5024 1432 5086 regulariter
1462 5025 1746 5076 exsolvunt
1769 5043 1781 5074 ε
1806 5023 2023 5087 quidam
2049 5026 2173 5072 sunt
2196 5036 2461 5086 pauperes
2482 5039 2494 5085 ς
2520 5022 2738 5087 quidam
2771 5023 2954 5076 debita
2981 5028 3210 5087 negant.
