3950 5975
1622 742 1923 802 ...9-

650 898 783 977 qui,
831 905 907 962 ut
954 901 1213 974 clerici,
1258 901 1471 963 totius
1512 900 1885 980 provinciae
1947 900 2284 963 decimam
2334 903 2877 976 detestabantur,

646 1008 949 1069 ninnium
984 1009 1438 1071 ecclesiarum
1482 1009 1694 1071 valvis
1742 1010 1810 1071 et
1846 1009 1919 1070 in
1947 1009 2242 1089 publicis
2285 1009 2455 1073 locis
2501 1010 2875 1091 provinciae

642 1113 1085 1177 inhibitiones
1117 1117 1507 1189 affixerunt,
1544 1116 1789 1195 quibus
1840 1116 2218 1180 tuebantur
2267 1118 2444 1180 bona
2494 1116 2877 1179 scholario-

642 1223 859 1283 rum1.
900 1222 1275 1303 Episcopus
1314 1240 1482 1287 vero
1522 1223 1969 1299 inhibitiones
2005 1225 2477 1297 contemnens,
2512 1242 2551 1285 a
2598 1241 2880 1287 conser-

642 1328 876 1391 vatore
938 1330 1411 1393 ecclesiastico
1478 1331 1627 1411 ipse
1692 1331 2330 1394 excommunicatus
2375 1331 2523 1404 fuit,
2572 1332 2878 1410 itemque

646 1452 915 1514 quoque
947 1437 1278 1515 Magister
1305 1439 1551 1501 Petrus
1585 1438 1946 1517 Regnault,
1993 1437 2264 1501 Gadomi
2300 1438 2490 1500 urbis
2523 1438 2878 1517 signorum

646 1543 876 1605 custos
928 1544 997 1605 et
1052 1543 1344 1607 Thomas
1406 1546 1608 1623 Lyon,
1696 1545 2118 1607 domesticus
2203 1544 2455 1607 baillivi
2524 1549 2797 1608 Bureau
2827 1544 2875 1606 2.

646 1653 799 1717 Quae
843 1666 981 1712 non
1030 1650 1178 1713 sine
1240 1651 1638 1730 quibusdam
1711 1652 1930 1714 turbis
1990 1653 2390 1730 agebantur.
2456 1650 2878 1714 Carminibus

646 1756 1045 1836 episcopum
1085 1758 1437 1821 scholares
1485 1758 1895 1835 irridebant3
1956 1761 2162 1838 quem
2220 1759 2594 1839 «impium,
2653 1759 2884 1838 parri-

646 1865 862 1926 cidam
926 1865 1377 1946 ecclesiaeque
1429 1866 1667 1929 matris
1722 1868 2251 1946 persecutorem
2337 1867 2882 1946 gravissimum»

646 1971 998 2034 dicebant:
1029 1990 1116 2035 ex
1147 1973 1253 2035 his
1284 1975 1516 2036 autem
1548 1975 1826 2037 centum
1853 1974 1925 2035 in
1970 1976 2174 2054 porta
2202 1975 2442 2037 domus
2487 1975 2592 2038 sui
2633 1972 2886 2037 baillivi

646 2078 1428 2170 encommunicationem
1479 2082 1841 2144 affixerunt
1870 2081 1913 2142 3.

760 2190 1032 2249 Bureau
1102 2189 1337 2250 tamen
1415 2189 1729 2251 absoluto
1802 2189 1883 2251 ab
1962 2188 2290 2267 episcopo
2343 2188 2884 2261 constanciensi,

646 2293 1070 2357 Universitas
1110 2294 1615 2358 absolutionem
1658 2312 1790 2359 non
1842 2296 2078 2358 valere
2112 2295 2510 2371 declaravit,
2546 2312 2694 2375 quae
2720 2273 2892 2375 pro-

642 2400 793 2480 prio
842 2403 1034 2465 motu
1096 2419 1233 2465 non
1292 2403 1450 2464 data
1515 2404 1665 2465 erat
1694 2403 1735 2465 4.
1782 2406 1936 2466 Non
1991 2404 2222 2465 autem
2283 2404 2508 2465 solum
2556 2402 2890 2465 irridebat

646 2508 1075 2572 adversarios
1136 2527 1297 2573 suos
1357 2510 1810 2582 Universitas,
1882 2510 2003 2573 sed
2088 2509 2300 2572 etiam
2379 2526 2498 2572 eos
2558 2509 2892 2572 comoedia

646 2616 934 2678 lsedebat
960 2634 1148 2693 3nam
1179 2618 1427 2681 Petrus
1458 2618 1541 2679 de
1577 2617 2263 2689 Lesnauderie,unus
2305 2633 2392 2679 ex
2424 2615 2888 2679 acerbissimis

646 2725 831 2786 inter
860 2724 1212 2787 scholares
1244 2726 1495 2787 farsam
1525 2726 1835 2788 vocatam
1857 2730 1974 2789 des
1992 2727 2236 2787 Pattes
2255 2727 2586 2787 Ouatntes
2610 2724 2887 2805 scripsit

650 2848 797 2909 quae
830 2854 865 2888 «
896 2848 981 2895 au
1014 2832 1332 2895 karesme
1356 2834 1652 2911 prenant
1675 2855 1710 2888 »
1756 2834 1909 2895 acta
1954 2832 2106 2901 fuit,
2145 2833 2422 2894 centum
2459 2830 2885 2894 scholaribus

646 2939 1103 3018 praesentibus
1154 2941 1498 3020 Petroque
1541 2940 1622 3002 de
1656 2939 2122 3004 Lesnauderie
2153 2936 2302 3019 ipso
2345 2938 2603 3019 primas
2651 2939 2885 3019 partes

642 3048 923 3109 tenente
968 3045 1015 3108 5.
1086 3051 1161 3108 In
1219 3048 1337 3109 illa
1394 3036 1806 3118 certatione,
1895 3047 2426 3110 Universitatem
2496 3047 2887 3126 praesertim

642 3154 1101 3216 defenderunt
1168 3155 1520 3218 scholares
1541 3156 1587 3230 ὃ,
1664 3157 1896 3218 forsan
1999 3172 2272 3236 quoque
2355 3156 2884 3217 conservatores

642 3261 1117 3335 ecclesiastici,
1153 3263 1220 3323 in
1254 3263 1594 3342 principio
1646 3263 1748 3326 rei
1782 3264 2027 3325 saltem
2055 3280 2068 3336 ;
2131 3263 2252 3325 sed
2285 3262 2391 3324 sui
2420 3260 2884 3341 potentissimi

642 3367 761 3430 lilii
802 3385 954 3430 eam
987 3369 1352 3448 reliquisse
1408 3370 1825 3433 vi¹ientur⁷z
1873 3369 2298 3432 Universitas
2347 3369 2428 3430 ad
2483 3385 2882 3448 supremum

704 3594 753 3640 ’1.
800 3590 1053 3654 Matrol.‚
1089 3591 1136 3640 fo
1170 3593 1279 3641 312.

702 3682 748 3730 2.
783 3695 809 3728 (ι
843 3681 1182 3732 Palefrenier
1198 3682 1265 3732 de
1286 3681 1341 3731 la
1360 3682 1504 3732 mule
1521 3682 1737 3732 Bureau
1760 3700 1800 3742 2»,
1814 3681 1891 3731 ait
1916 3681 1984 3732 de
2005 3679 2389 3732 Lesnauderie.
2407 3679 2666 3742 (Macrob,
2688 3679 2729 3728 f·
2753 3680 2880 3741 318.)

702 3772 748 3820 3.
783 3769 1026 3833 Matrol„
1062 3771 1107 3819 f⁰
1134 3772 1244 3819 317.
2350 3769 2355 3773 ’

701 3861 748 3909 4.
784 3857 1028 3931 Μαίνοῐ.,
1059 3859 1105 3908 f⁰
1126 3861 1242 3909 334.

703 3946 747 3997 5.
781 3949 940 4005 Hanc
978 3949 1163 3999 farsan
1191 3948 1269 3998 ed.
1313 3965 1351 4006 1,
1379 3948 1711 3999 Bonnin.La
1742 3948 1915 4020 quce
1949 3948 2039 3998 cles
2083 3946 2262 3998 Pattes
2295 3946 2564 4008 Οααίηιεε,
2592 3962 2691 4010 par
2720 3948 2781 3996 P.
2813 3947 2880 3998 de

642 4029 1029 4080 Lesnauderie.
1074 4029 1313 4090 Evreux,
1365 4031 1499 4091 1843,
1543 4029 1669 4078 in-80
1703 4029 1770 4079 de
1810 4029 1972 4078 V1-32
2007 4043 2201 4091 pages.
2251 4024 2433 4089 Falso,
2484 4027 2556 4076 M.
2604 4027 2882 4078 Fournier.

642 4110 859 4171 Statum,
891 4125 971 4172 111,
996 4111 1100 4172 230,
1130 4125 1326 4160 novam
1351 4109 1642 4160 editionem
1670 4110 1753 4159 ab.
1774 4109 1835 4158 Α.
1860 4110 2036 4159 Benet
2050 4109 2353 4172 perfectam
2377 4123 2496 4158 esse
2514 4107 2799 4157 nuntiavit.
2826 4135 2877 4142 -

642 4190 848 4240 Honnin
871 4190 1017 4239 illius
1042 4190 1203 4239 farsae
1229 4190 1401 4241 editor
1434 4195 1711 4241 auctorem
1755 4189 1917 4254 hujus
1944 4190 2166 4240 Petrum
2199 4189 2266 4239 de
2292 4187 2661 4238 Lesnauderie
2694 4187 2877 4249 habet,

638 4271 766 4334 qnia
797 4270 940 4322 tueri
963 4286 1084 4322 eam
1112 4271 1323 4320 curavit
1348 4289 1359 4319 z
1386 4270 1474 4320 cui
1504 4270 1777 4321 consensit
1810 4272 2118 4331 Rom-mont,
2147 4272 2200 4321 4.

697 4361 744 4409 6.
794 4360 1081 4411 scholares
1128 4375 1355 4423 quorum
1397 4361 1539 4410 bona
1582 4360 1703 4423 capi
1731 4364 1997 4422 poterant,
2029 4359 2199 4408 multa
2237 4363 2481 4421 egerunt,
2526 4358 2573 4406 si
2608 4358 2773 4408 Petro
2812 4357 2880 4407 de

638 4440 1006 4492 Lesnauderie
1058 4440 1278 4501 credaS‚
1329 4442 1567 4503 quinque
1610 4446 1827 4490 centum
1890 4439 2218 4489 scholarium
2268 4437 2560 4488 adfuerunt
2611 4437 2880 4500 quondam

638 4521 817 4571 domui
841 4522 1072 4583 Bureau,
1100 4535 1124 4568 «
1160 4521 1344 4585 lequel
1372 4520 1456 4570 fut
1489 4525 1609 4571 tout
1644 4521 1858 4571 trouble
1885 4525 1940 4570 et
1977 4519 2181 4569 cuidait
2207 4525 2350 4569 estre
2379 4523 2517 4570 mort
2545 4536 2585 4579 »‚
2613 4516 2875 4579 (Matrol.,

638 4602 678 4654 f*
701 4604 833 4663 326.)
860 4620 882 4646 ‹<
915 4602 962 4650 A
993 4617 1100 4652 une
1129 4601 1440 4665 processioa
1472 4601 1731 4664 generale
1771 4601 1837 4651 de
1862 4599 2258 4650 l'Universite...
2295 4599 2332 4648 il
2364 4616 2398 4663 y
2424 4599 2570 4648 avoit
2595 4597 2720 4648 bien
2747 4598 2877 4648 trois

642 4683 783 4734 inille
810 4682 1080 4733 escolierS.
1112 4701 1135 4727 ›>
1168 4684 1193 4732 ⁶?
1222 4681 1483 4744 (Matrol.,
1508 4681 1546 4745 st
1570 4683 1697 4743 330.)

702 4773 745 4821 7.
776 4770 876 4821 Cui
907 4769 988 4822 rei
1024 4770 1219 4821 alludit
1261 4771 1379 4835 ipsa
1430 4771 1593 4832 farsa,
1627 4771 1781 4834 cujus
1831 4771 1956 4820 eunt
2004 4774 2212 4832 septem
2252 4784 2497 4831 personae
2547 4787 2570 4812 «
2606 4768 2689 4818 La
2725 4768 2877 4817 Mero

642 4852 1000 4914 {Universitas
1029 4851 1117 4902 vel
1144 4852 1380 4902 ecclesia
1412 4855 1645 4914 vocata),
1681 4879 1734 4886 —
1767 4850 1953 4900 Lache
1980 4848 2309 4910 emmanche‚
2343 4876 2396 4884 —
2438 4847 2657 4900 Va-t'en
2689 4847 2878 4911 quitte.

642 4959 697 4970 κ-
722 4931 828 4992 Qui
858 4948 927 4982 ne
953 4933 1005 4982 le
1029 4932 1182 4995 peult
1220 4931 1446 4993 souffrir,
1482 4959 1540 4968 -
1573 4933 1812 4982 Escoute
1842 4931 1924 4980 s'il
1959 4931 2127 4994 pleut,
2159 4946 2183 4979 »
2228 4929 2435 4992 indigni
2471 4928 2626 4994 pueri
2653 4928 2880 4979 Univer-

642 5013 831 5074 sitatiS,
867 5031 890 5056 α
913 5013 1300 5063 Ribonribaine
1324 5032 1364 5074 »,
1390 5028 1495 5074 quo
1516 5012 1822 5075 fingebatur
1843 5011 2126 5074 episcopus
2157 5009 2564 5071 Cabillonensis,
2589 5014 2644 5060 et
2668 5008 2880 5059 Pattes-

642 5093 919 5155 UuainteS‚
946 5109 1051 5156 quo
1083 5093 1429 5144 alludebatur
1453 5093 1721 5142 baillivusi.
