3950 5975
1011 690 1161 751 ..6-

526 874 565 917 ac
593 852 785 917 distributis
813 852 847 913 in
876 852 962 913 urbe
991 849 1251 928 imposuerunt;
1284 850 1406 928 quibus
1433 840 1645 927 subjungere

523 962 709 1024 voluerunt
724 958 906 1020 officiarios
923 957 958 1018 et
976 955 1173 1034 suppositos
1189 955 1442 1024 Universitatis.
1461 973 1528 1035 quo
1545 955 1644 1017 modo

525 1068 661 1146 quidem
680 1065 747 1144 ipsi
767 1063 880 1125 tallias
913 1062 1035 1141 quibus
1063 1060 1234 1123 immunes
1269 1070 1379 1135 erant,
1410 1049 1646 1133 exsolvebant

525 1172 641 1234 invitis
669 1169 860 1250 privilegiis
893 1186 968 1246 quac
1007 1168 1058 1229 eis
1096 1168 1262 1230 dederant
1295 1169 1435 1230 Carolus
1464 1167 1645 1246 Septimus,

525 1276 716 1341 liudovicus
733 1274 941 1337 Undecimus
958 1277 992 1335 et
1007 1274 1146 1335 Carolus
1157 1275 1301 1336 Octavus
1317 1275 1403 1354 ipse,
1422 1274 1477 1353 qui
1493 1274 1645 1335 chartam

526 1383 580 1447 sui
612 1383 721 1463 patris
751 1373 1016 1443 confirmaverat
1045 1380 1069 1443 ¹.
1108 1380 1310 1459 suppositos
1338 1396 1422 1443 vero
1452 1380 1648 1442 taxationes

527 1506 632 1553 novas
661 1489 840 1567 negantes,
856 1486 978 1548 incolae
1004 1487 1182 1565 prosecuti
1208 1488 1287 1549 sunt
1308 1504 1403 1567 «par
1422 1488 1455 1548 la
1472 1485 1591 1566 prinso
1607 1486 1648 1548 de

527 1600 621 1659 leurs
639 1596 736 1657 biens
764 1611 808 1656 ou
834 1593 1068 1655 autrement...
1088 1594 1122 1654 et
1141 1594 1192 1655 les
1220 1592 1402 1655 mettoient
1425 1609 1468 1656 ou
1492 1592 1650 1655 tenoient

528 1721 568 1764 en
585 1701 759 1781 plusieurs
785 1699 932 1778 grandes
954 1699 1166 1760 involutions
1189 1700 1231 1761 de
1258 1696 1382 1777 proces
1398 1718 1427 1760 a.
1453 1698 1651 1761 obsecravit

528 1810 643 1871 autem
693 1806 907 1868 Universitas
948 1822 1086 1883 regem,
1135 1805 1213 1883 qui,
1263 1822 1373 1868 nono*
1398 1804 1477 1867 maii
1522 1804 1651 1866 mensis

528 1915 584 1977 die
619 1914 708 1984 1485,
747 1912 782 1972 in
821 1910 965 1973 consilio
997 1928 1058 1972 suo
1101 1928 1205 1989 quum
1247 1911 1441 1973 declararet
1480 1928 1516 1973 se
1559 1911 1651 1972 nolle

530 2019 799 2083 Universitatem
825 2036 844 2079 a
868 2017 1056 2095 suppositis
1082 2016 1153 2078 suis
1184 2016 1345 2101 relictam
1366 2034 1456 2092 esse,
1472 2018 1540 2079 imo
1562 2018 1651 2079 velle

532 2126 797 2189 Universitatem
840 2138 977 2203 semper
1005 2103 1191 2201 ‘progredi
1234 2124 1269 2183 in
1311 2125 1459 2192 bonum,
1509 2124 1653 2201 jubebat

532 2232 765 2313 supplicantes
802 2229 985 2291 officiarios
1024 2230 1232 2291 domesticos
1276 2230 1555 2309 suppositosque,
1580 2230 1653 2292 «de

532 2340 680 2420 quelque
690 2338 761 2399 etat
773 2336 871 2416 qu'ils
887 2336 1000 2398 soient
1016 2337 1050 2398 et
1061 2335 1318 2397 marchandises
1336 2336 1393 2415 qui
1409 2352 1445 2399 se
1462 2338 1609 2398 meslent
1623 2358 1653 2409 s,

534 2446 629 2508 novis
647 2442 881 2506 taxationibus
902 2442 1072 2504 immunes
1098 2459 1188 2503 esse.
1215 2464 1232 2499 a
1248 2443 1348 2504 Curia
1363 2442 1535 2520 generalis
1552 2460 1657 2521 super

534 2554 623 2615 facto
635 2550 781 2629 justitiae
794 2550 1007 2627 juvaminum
1031 2547 1234 2625 Rothomagi
1247 2572 1275 2611 »,
1294 2572 1311 2605 «
1329 2550 1431 2611 electi
1447 2566 1552 2627 super
1567 2549 1655 2611 facto

529 2656 743 2736 juvaminum
759 2656 894 2719 Cadomi
911 2678 928 2711 a
944 2656 1033 2716 hanc
1048 2654 1324 2727 immunitionem
1343 2656 1436 2717 tucri
1453 2648 1652 2717 debebant2.
1682 2664 1686 2667 ’

533 2766 597 2828 Sed
621 2765 662 2825 lis
688 2780 756 2825 non
779 2764 849 2823 tam
872 2761 1019 2840 simplex
1044 2767 1118 2823 erat
1136 2779 1237 2839 quam
1262 2762 1516 2823 credebatnrin
1533 2766 1655 2840 Magno

533 2871 699 2936 Consilio:
731 2868 901 2947 suppositi
939 2868 1029 2929 enim
1069 2850 1456 2947 universitatis‚'quum
1486 2870 1656 2929 immunes

502 2967 504 2970 ⁵
535 2979 660 3043 essent·
682 2973 820 3040 omnino
849 2973 1083 3052 juvaminibus
1114 2972 1155 3036 de
1180 2975 1281 3036 rebus
1319 2993 1402 3053 quas
1428 2974 1496 3054 ipsi
1534 2992 1656 3037 consu-

480 3121 483 3125 ›
536 3087 674 3148 mebant
701 3086 736 3145 et
764 3082 1011 3160 aparentibus
1048 3080 1118 3141 suis
1155 3081 1330 3158 petebant,
1368 3081 1396 3142 si
1428 3081 1657 3158 burgensibus

535 3190 799 3253 cadomensibns
829 3190 863 3248 et
888 3185 1055 3248 historico
1091 3187 1224 3247 credas.
1254 3185 1330 3253 illas
1361 3189 1539 3248 mercedes
1568 3203 1657 3264 saepe

536 3296 771 3359 vendiderant.
790 3317 807 3350 «
823 3300 959 3355 Aucnns
976 3293 1036 3354 des
1060 3294 1202 3370 suppots
1222 3295 1256 3354 et
1281 3293 1435 3354 bedeaux
1451 3293 1595 3363 d'icelle
1613 3293 1659 3354 ait

540 3405 581 3464 de
603 3407 695 3469 Bras.
711 3402 897 3464 voulurent
922 3397 1092 3476 amplifier
1108 3399 1201 3459 leurs
1222 3399 1407 3476 privileges
1431 3399 1658 3478 d'exemption

540 3527 583 3571 en
616 3510 716 3570 outre
746 3524 786 3568 oe
815 3507 872 3586 qui
905 3506 1010 3566 estoit
1040 3505 1270 3575 raisonnable‚
1301 3504 1426 3566 faisans
1459 3500 1500 3566 de
1534 3505 1658 3582 grands

540 3615 622 3676 srais
638 3616 680 3676 de
696 3612 951 3687 marchandises
968 3611 1050 3672 dont
1065 3611 1107 3670 ils
1121 3627 1163 3679 ,se
1179 3611 1432 3688 pretendoyent
1451 3612 1659 3690 descharges

541 3724 577 3784 ot
603 3722 732 3782 n'estre
762 3718 981 3780 contributits
1010 3735 1077 3779 aux
1106 3717 1262 3778 subsides
1291 3717 1409 3796 quise
1434 3718 1593 3794 levoyent
1618 3734 1659 3779 au

540 3828 610 3890 lieu
625 3829 685 3888 des
701 3827 834 3886 tailles:
851 3842 909 3886 car
925 3826 975 3884 les
1002 3825 1078 3902 plus
1095 3824 1184 3884 aisez
1211 3825 1245 3885 et
1269 3824 1453 3902 apparents
1474 3825 1659 3902 bourgeois

541 3934 744 3995 marchands
772 3930 1016 4010 pratiquoyent
1052 3931 1147 3991 avoir
1175 3931 1234 3991 des
1268 3932 1380 3991 Estats
1410 3931 1444 3992 ot
1473 3931 1589 3992 cilices
1619 3932 1659 3991 de

542 4041 644 4102 ladite
661 4037 867 4107 Universite,
885 4053 975 4114 pour
991 4037 1201 4114 s'exemptor
1221 4037 1263 4098 du
1280 4038 1463 4116 payement
1479 4039 1538 4098 des
1555 4037 1659 4098 aldes.

542 4149 581 4208 ut
596 4148 647 4208 les
663 4148 781 4208 autres
797 4161 944 4222 pauvres
961 4143 1146 4220 bourgeois
1164 4159 1206 4203 en
1231 4143 1479 4220 demeuroyent
1503 4143 1659 4220 charges.

541 4271 645 4332 parce
661 4271 727 4330 que
751 4253 801 4312 les
825 4250 911 4310 dicts
940 4249 1100 4309 Bedeaux
1126 4249 1295 4325 saisoyent
1320 4251 1422 4310 sonos
1439 4250 1527 4310 main
1554 4249 1660 4327 grand

542 4361 685 4421 nombre
701 4360 742 4420 de
757 4358 883 4428 Sidres
900 4355 958 4434 qui
971 4356 1164 4430 n'estoyent
1180 4355 1221 4415 de
1237 4356 1315 4416 leur
1326 4372 1399 4425 cru,
1426 4373 1462 4416 so
1479 4355 1661 4416 marchan-

543 4467 668 4543 doyent
685 4465 744 4526 des
762 4463 847 4527 vins.
875 4462 980 4526 bleds.
1000 4463 1155 4531 beurres,
1172 4460 1298 4536 voydes
1318 4477 1360 4522 en
1371 4462 1448 4540 plus
1466 4462 1578 4523 oultre
1595 4477 1660 4539 que

591 4706 616 4752 1.
637 4701 855 4753 «confirmation
880 4704 908 4749 et
934 4698 1050 4748 vidimus
1077 4697 1110 4747 de
1128 4696 1157 4746 la
1182 4697 1366 4749 confirmation
1384 4698 1432 4749 des
1457 4698 1603 4762 privilegus
1629 4697 1662 4748 de

543 4783 717 4834 l'Universite
736 4781 782 4830 xb'·
802 4782 869 4830 llil.
895 4777 1085 4829 Salute-Mario
1109 4777 1143 4828 de
1165 4777 1272 4841 Clercy.
1304 4779 1393 4841 (Arcti.
1412 4779 1494 4843 Cato,
1508 4780 1547 4829 D.
1565 4781 1606 4837 32,
1622 4776 1662 4827 cd.

484 4920 486 4922 v
544 4867 638 4924 Boset,
651 4879 669 4923 1,
681 4862 728 4923 50.)
814 4913 817 4921 ,

590 4943 612 4992 2.
630 4958 642 4989 n
655 4943 751 4992 Donne'
765 4945 781 4990 a
795 4941 891 4991 Rouen
906 4939 933 4988 le
947 4937 1047 4988 neutro
1058 4937 1120 5000 jour
1135 4935 1168 4987 de
1181 4952 1249 5000 may,
1265 4938 1317 4987 l'an
1331 4939 1364 4990 de
1377 4954 1458 5003 grace
1473 4939 1556 4989 'lton
1572 4937 1662 5001 (Arcti.

546 5024 627 5086 Cata,
642 5025 675 5071 D.
692 5025 729 5085 33,
744 5021 783 5071 ed.
793 5023 889 5080 Bimat,
905 5035 923 5081 1,
935 5019 983 5080 51.)
1335 5013 1338 5018 ’
1614 5007 1616 5012 '
