3950 5975
1551 735 1631 746 -.
1685 705 1763 767 75
1807 665 1899 748 .-

611 872 946 939 Antonius
979 870 1062 932 de
1094 865 1382 947 Merula,
1418 863 1718 927 decanus
1755 868 2117 947 Sepulchri
2146 874 2581 940 cadomensis
2606 875 2676 938 et
2704 890 2858 954 pru-

617 982 837 1044 motor
878 972 1187 1056 episcopi
1219 969 1640 1048 Bajocensis,
1684 972 1754 1033 et
1783 974 2106 1054 Tanigius
2137 979 2583 1053 Buissonius;
2631 980 2858 1042 nullus.¹

613 1089 841 1150 autem
861 1078 1299 1145 instituarius
1333 1079 1462 1150 est,
1490 1077 1678 1139 nullo
1713 1080 2071 1145 candidato
2103 1084 2187 1146 ad
2217 1103 2466 1149 munus
2500 1104 2568 1147 se
2598 1102 2858 1166 propn-

611 1193 818 1256 nente
839 1210 851 1264 3
877 1185 1225 1251 licentiati
1237 1183 1498 1262 aliquot
1521 1168 1846 1248 Instituta
1863 1186 2127 1265 legunt.
2148 1193 2242 1253 De
2269 1191 2600 1256 doctrinae
2623 1209 2854 1259 cursu„

611 1296 951 1377 regulatio
994 1293 1146 1355 1521
1182 1289 1664 1353 annixdesueta
1712 1294 1818 1353 est
1861 1310 1901 1354 a
1949 1294 2349 1376 longianO,
2398 1301 2520 1359 Jus
2572 1299 2858 1360 canoni*

610 1423 764 1468 cum
841 1419 979 1464 non
1055 1398 1345 1469 docent,
1413 1397 1776 1475 egentibus
1851 1401 2303 1465 auditoribus.
2364 1408 2459 1466 De
2534 1404 2850 1483 gradibue·

609 1507 1068 1590 adipiscendis
1101 1505 1361 1567 statuta
1388 1520 1525 1566 non
1558 1506 2034 1580 observantur,
2067 1525 2207 1571 non
2255 1526 2544 1573 examen
2579 1510 2854 1588 rigoru-

611 1636 760 1680 sum
798 1617 927 1687 est,
947 1617 1222 1691 tempus
1248 1613 1354 1673 est
1389 1610 1702 1673 brevius:
1738 1614 1918 1691 quod
1946 1614 2344 1694 vituperant
2375 1616 2850 1679 commissarii.

612 1724 803 1786 Unde
834 1722 1109 1784 videtur
1136 1717 1451 1798 profecto
1497 1718 1804 1780 relaxata
1837 1720 2054 1783 fuisse
2086 1722 2333 1794 studia,
2366 1723 2483 1785 illo
2513 1724 2850 1801 tempore..

613 1830 816 1910 quod,
835 1826 1313 1891 deficientibus
1343 1824 1856 1903 professoribus
1885 1827 2478 1908 scholaribusque,
2497 1831 2566 1893 et
2583 1830 2858 1891 turbam

612 1934 989 2017 provincia,
1023 1950 1160 1995 non
1194 1931 1577 1993 mirandum
1610 1932 1740 1993 est.

728 2041 1102 2105 Tricesima
1137 2038 1244 2100 die
1272 2037 1598 2112 octobris,
1647 2033 2201 2103 extraordinaria
2250 2041 2615 2104 conventio
2646 2042 2858 2103 habe—

611 2151 751 2222 tur,
772 2150 841 2210 in
867 2166 1001 2227 qua
1024 2146 1266 2209 sedent
1286 2143 1662 2208 consiliarii
1680 2145 1860 2207 sedis
1883 2146 2358 2226 provincialis,
2378 2148 2658 2220 scabini,
2680 2151 2818 2227 regi
2834 2167 2858 2207 :a

614 2255 951 2327 officiarii,
983 2251 1405 2315 thesaurarii
1444 2253 1808 2329 generales
1840 2255 1909 2315 et
1943 2254 2078 2320 duo
2112 2254 2545 2332 professores
2578 2254 2858 2315 Univer-

620 2355 865 2434 sitatiS,
919 2360 1234 2422 Claudius
1291 2358 1696 2420 Buissonius
1755 2360 1827 2421 et
1895 2359 2193 2422 Jacobus
2252 2361 2737 2440 CahagnesiuS‚
2786 2367 2854 2419 ul

617 2468 1123 2533 deliberaretur
1152 2467 1234 2528 de
1257 2464 1476 2527 modis
1507 2463 1966 2528 instaurandae
2004 2468 2074 2529 et
2102 2467 2549 2530 restituendae
2582 2469 2862 2531 Univew

620 2575 864 2637 sitatis.
918 2574 1288 2635 Decretum
1356 2577 1459 2634 est
1523 2572 1600 2633 ut
1652 2571 1998 2651 parochiae
2059 2572 2390 2653 cujUsque
2444 2574 2711 2648 incolae,
2754 2575 2862 2635 dir.

615 2680 927 2743 Omnium
986 2680 1417 2747 Sanctorum,
1477 2680 2074 2756 congregarentur
2132 2680 2589 2759 legerentque
2643 2681 2862 2760 depta—

615 2789 796 2870 tatos
878 2786 994 2866 qui
1053 2786 1133 2848 ad
1192 2786 1599 2847 Lisaureum
1668 2786 2162 2864 praesidentem
2233 2792 2318 2848 et·
2376 2787 2860 2850 cadomensem

617 2889 987 2956 baillivum'
1020 2893 1346 2954 sederent
1415 2893 1484 2952 et
1564 2892 1647 2952 de
1716 2892 2093 2970 propositis
2167 2894 2375 2955 rebus
2441 2893 2850 2956 sententiani.

619 3001 933 3075 darentl.
980 3001 1226 3070 Quinto
1277 2996 1670 3062 novembris
1753 2999 1887 3071 die,
1962 3000 2278 3062 Claudius
2334 2999 2737 3063 Buissonius
2798 3004 2858 3060 ui

616 3108 1076 3187 Caliagnesius
1105 3111 1140 3166 J
1148 3107 1398 3168 acobus
1425 3106 1680 3168 iterum
1710 3107 2025 3169 scabinos
2053 3108 2337 3169 monent
2360 3124 2435 3169 se
2468 3109 2547 3168 ab
2581 3109 2862 3170 Univer-

620 3216 821 3278 sitate
880 3215 1245 3293 deputatos
1304 3230 1482 3285 esse,
1544 3215 1620 3274 ut
1671 3214 1987 3275 omnibus
2046 3213 2697 3292 congregationibus
2782 3218 2861 3276 [Ιι]

619 3321 836 3384 modis
870 3320 1337 3384 restaurandae
1378 3320 1865 3382 Universitatis
1917 3321 2170 3382 habitis
2219 3320 2634 3407 adsisterent
2652 3320 2699 3384 ².
2741 3324 2858 3388 Qui

617 3430 997 3491 conventus
1030 3429 1367 3505 sequente
1398 3425 1506 3488 die
1547 3412 1821 3487 habitus
1864 3426 2016 3501 tuit,
2069 3427 2138 3488 et
2182 3427 2543 3489 sententiis
2577 3445 2615 3489 a
2645 3428 2862 3507 depu-

613 3535 775 3597 tatis
820 3534 1115 3606 emissis,
1164 3533 1492 3594 statutum
1542 3535 1647 3594 est
1695 3534 1771 3594 ut
1826 3551 1865 3594 a
1915 3537 2101 3611 Rege
2150 3535 2517 3612 peteretur
2568 3535 2858 3612 vectigal

619 3640 1016 3702 salinarium
1063 3642 1132 3702 et
1167 3638 1554 3719 praebendae
1602 3640 1807 3701 unius
1843 3639 1913 3700 in
1965 3657 2236 3718 quaque
2290 3640 2587 3703 ecclesia
2626 3642 2862 3701 catlw-

620 3748 792 3810 drali
848 3748 1157 3810 redditus
1211 3747 1328 3808 aut
1376 3745 1682 3824 religiosi
1732 3747 1936 3808 unius
1963 3745 2027 3807 in
2063 3764 2336 3826 quoque
2394 3747 2728 3818 coenobio,
2786 3750 2862 3808 :ul

621 3855 1077 3917 exsolvendos
1133 3854 1568 3933 professores
1629 3853 1860 3930 regios
1912 3853 1984 3914 in
2041 3854 2342 3932 quinque
2400 3853 2858 3916 facultatibus.

621 3963 691 4024 et
738 3961 877 4024 imo
908 3978 1290 4040 graecarum
1328 3963 1399 4022 et
1427 3958 1908 4022 hebraicarum
1942 3959 2334 4022 litterarum
2369 3962 2439 4022 et
2483 3960 2862 4022 mathemu-

620 4068 918 4142 ticorum
951 4068 1277 4146 regentes
1306 4064 1377 4128 ih
1409 4065 1873 4127 Universitate
1895 4066 1939 4124 3.

738 4177 799 4236 N
804 4174 1176 4237 ormanniae
1210 4174 1439 4235 ta'men
1468 4173 1702 4235 Trium
1732 4172 2062 4234 ordinum
2092 4173 2466 4235 Conventio
2506 4173 2576 4233 in
2624 4172 2854 4234 codic-⁴2·

719 4453 760 4498 1.
789 4448 1150 4510 Arch.comm.,
1173 4449 1322 4497 R.H.
1346 4448 1426 4508 V„
1452 4463 1496 4496 c.
1518 4449 1593 4509 50,
1614 4448 1655 4497 f⁰
1680 4449 1718 4498 1.
1742 4447 1807 4495 In
1831 4447 1934 4497 hoc
1957 4453 2242 4509 conventu,
2264 4447 2379 4497 sine
2400 4446 2563 4497 dubio
2574 4445 2866 4496 Limum-11³·

625 4529 922 4580 orationem
953 4529 1255 4580 enuntiavit
1299 4542 1460 4590 quam
1501 4528 1718 4590 quidam
1753 4527 1948 4577 incolae
1992 4544 2099 4577 non
2151 4544 2307 4590 aequo
2350 4527 2525 4577 animo
2569 4526 2867 4576 audiernul·.

624 4608 876 4660 timentes
903 4625 973 4663 ne
1024 4624 1166 4659 nova
1193 4608 1489 4671 vectigalia
1518 4608 1620 4657 sibi
1651 4607 2076 4670 imponerentur.
2119 4608 2307 4658 Oratio
2327 4608 2514 4671 prima,
2551 4604 2614 4655 J.
2652 4606 2870 4656 Rarum-'s'

627 4707 814 4754 opera,
842 4708 890 4754 p.
924 4693 1032 4742 225.

717 4779 762 4828 2.
795 4795 819 4828 «
863 4780 1009 4830 Pour
1033 4780 1209 4830 aviser
1246 4795 1353 4828 aux
1385 4794 1606 4842 moyens
1641 4778 1708 4828 de
1738 4778 1964 4828 retablir
1994 4784 2049 4828 et
2082 4778 2392 4829 ressourdre
2426 4776 2794 4834 l'Universiti'i.
2850 4800 2870 4820 ιι·

635 4858 816 4914 (ΑνοῙι.
842 4877 1037 4921 comm„
1066 4860 1130 4920 R,
1164 4860 1232 4920 H,
1278 4860 1349 4920 V,
1378 4875 1422 4908 c.
1456 4860 1531 4920 20,
1566 4859 1769 4931 f⁰.¹36·)
1810 4885 1862 4894 —-
1891 4859 2057 4910 Falso
2085 4860 2321 4922 Dupont,
2354 4859 2406 4910 in
2441 4874 2537 4910 suo
2567 4858 2874 4909 Inventam-2..

628 4937 765 5001 legit
794 4957 806 4988 ι
828 4934 1055 4989 retablir
1080 4955 1150 4989 ou
1177 4938 1436 4989 re'soudre
1465 4938 1836 4988 l’Universite.

723 5029 769 5076 3.
793 5027 956 5079 Arch.
990 5044 1186 5089 comm„
1220 5029 1291 5077 R.
1327 5027 1397 5076 H.
1429 5028 1509 5088 V.,
1541 5043 1586 5077 c.
1610 5027 1689 5088 50,
1725 5027 1766 5076 f·
1797 5029 1843 5076 4.
