3950 5975
2034 677 2391 738 ...10ss-

1101 842 1291 891 autem
1334 851 1610 905 nusquam
1670 851 1787 892 non
1842 838 1915 892 de
1962 836 2126 891 nobis
2168 835 2315 891 male
2370 818 2652 904 cogitavit,
2692 850 2761 890 ac
2799 849 2905 889 nos
2947 836 3090 891 male
3134 835 3350 891 audire

1097 934 1251 1002 apud
1301 935 1584 1003 quoslibet
1618 935 1879 1001 tentavit,
1921 934 1977 988 id
2023 933 2080 987 in
2121 948 2294 989 causa
2333 938 2442 987 est.
2491 931 2779 1002 Siquidem
2816 934 2873 987 in
2911 933 3037 987 albo
3069 947 3174 987 nec
3214 939 3354 987 erat

1098 1045 1209 1086 nec
1235 1038 1479 1100 poterat,
1507 1046 1580 1086 ne
1601 1032 2087 1099 dicam,indignus
2121 1036 2264 1085 erat.
2287 1030 2366 1084 Eo
2398 1031 2550 1085 enim
2580 1030 2759 1098 glorie
2788 1034 2946 1084 estro
2977 1030 3102 1084 stim
3114 1031 3338 1099 ultique

1096 1135 1431 1197 punguntur
1483 1144 1550 1185 ac
1604 1131 1962 1197 exagitantur
2018 1129 2113 1197 qui
2177 1128 2401 1182 Lutetie
2465 1128 2523 1181 in
2588 1128 2772 1196 aliqua
2832 1132 2955 1181 arte
3020 1127 3346 1195 magister-ii

1098 1226 1479 1294 insigniuntur
1529 1231 1593 1282 ut
1642 1241 1761 1295 prae
1815 1241 1880 1280 se
1929 1227 2182 1295 reliquos
2236 1240 2310 1279 ne
2361 1227 2523 1279 nucis
2580 1225 2809 1293 quidem
2867 1232 3102 1293 pertuse
3130 1227 3338 1279 sac-ere.

1096 1323 1412 1378 videantur.
1429 1324 1587 1379 Unde
1611 1325 1683 1378 ab
1710 1324 1797 1378 his
1828 1323 2145 1378 Roussinus
2166 1336 2280 1377 non
2311 1322 2699 1390 degeneravit,
2721 1322 2928 1391 quippe
2950 1322 3043 1391 qui
3067 1323 3338 1391 ejusdem

1095 1420 1294 1475 farinae
1345 1421 1657 1490 permansit
1702 1436 1769 1475 ac
1817 1422 1871 1474 in
1918 1401 2194 1476 'eternum
2243 1419 2533 1489 persistet,
2582 1420 2807 1474 tametsi
2853 1434 2954 1488 spe
3001 1420 3158 1475 lusus
3198 1435 3334 1487 sua,

1099 1519 1252 1586 quod
1306 1519 1457 1573 enim
1508 1519 1833 1588 importune
1888 1519 1986 1573 diu
2042 1518 2285 1586 quaesiit,
2345 1518 2577 1572 tandem
2634 1517 2865 1584 invenit,
2925 1518 3030 1572 sed
3074 1519 3146 1571 ad
3202 1531 3334 1571 reru

1095 1616 1395 1690 impudens
1450 1616 1825 1685 factionisque
1875 1616 2257 1671 Lutherannae
2304 1614 2512 1680 fautor,
2566 1614 2735 1684 quus
2789 1615 3069 1670 hactenus
3118 1631 3334 1671 numen

1097 1713 1315 1767 delituit
1345 1714 1400 1768 in
1430 1714 1597 1768 valvis
1643 1712 2150 1769 Franciscanorum
2198 1712 2510 1782 positiones
2553 1712 2925 1784 lutheranuas
2969 1728 3037 1768 ac
3066 1731 3094 1767 a
3146 1715 3334 1767 Chris-

1093 1810 1257 1864 tianis
1310 1809 1689 1866 abhorrentes
1740 1811 2015 1873 affixerat,
2075 1809 2177 1865 has
2226 1815 2418 1865 autem
2470 1809 2678 1863 refixas
2733 1814 2853 1865 tum
2902 1810 3138 1871 Lutetia,
3202 1819 3326 1863 turn

1097 1908 1457 1977 Rothomagi,
1483 1914 1605 1963 tum
1652 1910 1709 1963 in
1737 1908 1895 1978 pagis
1942 1908 2262 1977 quibusque
2309 1907 2625 1961 Roussinus
2669 1908 3022 1973 monstravit,
3064 1923 3130 1963 ae
3174 1907 3330 1963 rii-us

1095 2006 1426 2074 saniemque
1477 2021 1587 2074 qua
1642 2007 1908 2074 gravidus
1965 2011 2092 2060 erat
2139 2020 2411 2061 evomens
2460 2020 2528 2059 ac
2581 2020 2857 2074 expuenS,
2918 2020 3049 2060 cum
3106 2007 3162 2059 in
3218 2019 3326 2059 nus

1097 2109 1353 2171 tuncque
1402 2103 1860 2158 debaccharetur
1902 2110 1964 2158 et
2009 2103 2355 2172 gravissimis
2383 2103 2515 2157 viris
2560 2108 2619 2157 et
2660 2102 2808 2171 plebi
2836 2103 3068 2157 indocto
3098 2103 3326 2155 Radanii

1097 2200 1361 2255 haeresim
1407 2215 1519 2269 qua
1564 2215 1795 2270 semper
1840 2215 1909 2255 ea
1950 2200 2136 2255 caruit
2163 2205 2224 2255 et
2248 2201 2417 2270 cujus
2462 2214 2673 2255 nomen
2705 2202 2957 2259 nondum
2990 2202 3063 2256 ad
3102 2207 3322 2255 nostras

1005 2322 1017 2342 ι
1095 2312 1267 2352 aures
1305 2304 1558 2365 venerat,
1609 2313 1708 2353 eas
1750 2299 2017 2356 indicavit
2054 2313 2122 2352 ac
2170 2299 2448 2367 exposuit.
2500 2298 2621 2352 Huc
2659 2298 2911 2367 pertinet
2951 2299 3106 2366 quod.
3154 2307 3206 2351 et
3250 2315 3322 2351 eo

1095 2395 1384 2450 clementie
1413 2397 1636 2451 venerit
1663 2403 1726 2451 ut
1754 2409 1858 2450 nos
1886 2410 2090 2451 omues
2133 2410 2197 2450 se
2242 2397 2522 2451 aucthore
2570 2396 2911 2464 castigatum
2939 2397 3027 2464 iri,
3058 2411 3122 2451 at:
3170 2399 3322 2463 quud

1095 2491 1293 2547 dicunt
1319 2493 1688 2548 reformatum
1720 2495 1785 2547 iri
1825 2495 2094 2563 jactaret.
2142 2495 2202 2547 In
2247 2508 2317 2548 eo
2366 2494 2709 2561 corpusculo
2755 2498 2979 2548 tantum
3024 2495 3190 2547 animi
3234 2499 3318 2548 vel

1090 2591 1280 2657 potius
1309 2591 1595 2645 dementie
1621 2591 2037 2646 occultabatur.
2064 2591 2243 2661 Hujus
2271 2591 2355 2644 rei
2384 2591 2538 2645 sama
2561 2591 2634 2644 ad
2664 2605 2769 2645 nos
2801 2592 3021 2660 volavit,
3052 2607 3082 2645 a
3114 2607 3318 2659 prunu-

1092 2693 1282 2743 ratore
1311 2689 1516 2743 citatus
1545 2688 1726 2743 adfuit
1755 2690 2065 2757 positiones
2105 2689 2400 2758 accepisse
2449 2688 2773 2755 confessuS,
2805 2694 3058 2743 nostram
3090 2699 3314 2759 gentem

1093 2800 1208 2841 non
1254 2787 1606 2855 vituperasse
1655 2787 1810 2841 dixit.
1864 2785 2001 2841 Cum
2057 2801 2196 2855 ergo
2252 2787 2308 2840 in
2367 2801 2498 2840 eum
2544 2787 2679 2855 jure.
2735 2792 3027 2855 ageretur,
3060 2795 3318 2843 senatum

1093 2884 1614 2953 Rothomagensem
1670 2884 1988 2953 appellavit.
2037 2885 2250 2939 Verum
2306 2883 2488 2952 palam
2538 2884 2593 2938 id
2646 2883 2918 2951 neglexit.
2976 2884 3186 2939 Deinde
3230 2887 3318 2939 [lie

1091 2989 1238 3039 stato
1288 2997 1404 3038 non
1446 2981 1646 3039 adsuit.
1673 2983 1893 3039 Idcirco
1941 2998 2258 3052 suspensus
2300 2999 2369 3037 ac
2416 2982 2945 3038 excommunicatus
2995 2992 3102 3050 est,
3154 2987 3318 3056 eujus

1092 3082 1318 3150 quidem
1349 3083 1432 3137 rei
1475 3083 1566 3136 hic
1607 3087 1668 3136 et
1692 3082 1803 3137 illic
1832 3083 1887 3135 in
1918 3082 2089 3136 valvis
2117 3086 2553 3136 monumentum
2600 3081 2828 3136 affixum
2880 3087 2985 3137 est.
3036 3083 3246 3136 Deinde
3286 3100 3318 3136 a

1090 3182 1247 3236 curia
1289 3181 1676 3248 Rothomagea
1722 3180 2051 3235 mandatum
2090 3193 2202 3247 quo
2242 3178 2657 3247 absolveretur,
2701 3181 3041 3248 impetravit.
3090 3180 3314 3236 Interim

1087 3286 1279 3334 tamen
1333 3292 1444 3333 nec
1499 3292 1571 3332 eo
1626 3279 1779 3345 quod
1830 3278 2074 3346 petierat
2128 3277 2361 3345 potitUS,
2391 3278 2567 3331 rebus
2620 3278 3069 3347 muneribusque
3122 3280 3318 3336 divinis

1090 3378 1320 3431 minime
1364 3372 1653 3431 abstinuit.
1705 3377 2066 3431 Postremum
2117 3377 2251 3430 alias
2297 3376 2613 3445 positiones
2660 3378 2715 3430 in
2764 3376 2973 3431 scholis
3018 3379 3318 3447 theologia*-

1087 3475 1458 3530 excutiendas
1505 3490 1539 3527 a
1584 3475 1752 3528 valvis
1799 3474 2003 3541 refixit,
2054 3489 2162 3529 nec
2211 3475 2419 3529 deinde
2467 3474 2537 3528 ab
2583 3489 2655 3528 eo
2704 3479 2991 3529 cessatum
3038 3488 3126 3530 est
3154 3492 3310 3532 suam

1091 3573 1441 3627 virulentiam
1471 3587 1745 3641 expuere.
1780 3573 2025 3627 Proinde
2056 3586 2245 3626 coram
2270 3571 2548 3626 dictatore
2568 3573 3013 3641 doctoribusque
3033 3575 3314 3640 tlieulugiu

1087 3686 1154 3725 ac
1197 3671 1315 3724 aliis
1362 3676 1616 3738 vocatuS,
1659 3685 1722 3724 se
1765 3670 1821 3725 id
1860 3670 2072 3724 fecisse
2115 3669 2416 3724 confessus
2457 3674 2546 3724 est
2585 3669 2859 3738 locosque
2898 3677 3018 3725 tres
3055 3686 3186 3724 esse
3230 3672 3314 3724 vel

1088 3770 1392 3823 haereticos
1438 3754 1824 3823 scandaIOSOS.
1859 3767 2204 3822 Conturbata
2251 3781 2390 3834 ergo
2432 3772 2553 3822 tota
2600 3767 2730 3823 Cad.
2757 3769 3078 3835 Academia,
3114 3772 3314 3824 Petrus

1088 3868 1324 3922 Messier
1349 3867 1544 3922 classis
1571 3866 1930 3920 franciscane
1961 3865 2220 3920 minister
2246 3865 2469 3920 interim
2499 3865 2764 3920 accessit.
2796 3867 2848 3919 Is
2878 3867 3028 3920 enim
3059 3868 3310 3920 cmuubia

1087 3957 1441 4020 franciscana
1464 3980 1533 4019 ex
1554 3963 1755 4018 ordine
1779 3963 1997 4018 visebat
2028 3969 2090 4017 ut
2119 3963 2417 4017 innovaret
2443 3977 2510 4017 ac
2548 3963 2913 4030 instauraret,
2950 3965 2997 4017 si
3027 3968 3158 4032 quisi
3210 3968 3314 4020 ins-

1083 4062 1427 4116 taurandum
1458 4066 1632 4115 esset.
1667 4060 1862 4114 Statim
1893 4066 2133 4116 vocatus
2158 4065 2264 4127 est,
2298 4061 2392 4127 qui
2421 4059 2611 4114 audita
2641 4061 2906 4114 Roussini
2952 4063 3186 4116 andacia
3218 4080 3314 4116 au-

1087 4173 1271 4228 suque
1290 4160 1600 4229 obstupuit.
1615 4159 1861 4213 Proinde
1887 4159 1985 4229 jus
2013 4158 2394 4228 postulantem
2418 4159 2621 4226 exequi
2641 4158 2833 4226 voluit,
2856 4159 2963 4213 alio
2984 4165 3174 4216 tamen
3198 4164 3310 4216 iiic.

1088 4258 1353 4325 Proinde,
1387 4260 1446 4322 4⁰
1474 4257 1581 4311 cal.
1614 4259 1735 4311 δί)ΓῘΒ
1765 4258 1835 4312 de
1876 4257 2159 4311 Roussino
2205 4270 2400 4310 coram
2444 4256 2719 4310 dictatore
2762 4257 3206 4328 doctoribusque
3246 4276 3314 4312 ac

1086 4355 1318 4410 decanis
1332 4368 1648 4423 magnaque
1665 4354 2135 4408 scholasticorum
2156 4353 2510 4407 multitudine
2531 4354 2791 4409 minister
2807 4355 2954 4408 hanc
2971 4369 3069 4409 sen
3082 4360 3310 4412 tentiam

1083 4454 1231 4511 tulit.
1262 4454 1338 4507 Ea
1367 4458 1456 4507 est
1483 4452 1765 4517 videlicet,
1797 4449 1956 4506 flexis
1985 4451 2207 4504 duobus
2235 4449 2557 4518 poplitibuS‚
2591 4457 2892 4519 peccatum
2923 4467 3090 4508 suum
3110 4472 3314 4520 agnos-

1088 4557 1250 4606 ceret
1286 4551 1509 4619 alioque
1539 4551 1960 4617 commigraret.
2009 4549 2183 4615 idque
2232 4548 2303 4601 ad
2349 4553 2577 4616 tempus
2618 4549 2691 4602 ad
2736 4550 2846 4604 hoc
2875 4560 3310 4608 monumentum

1087 4665 1198 4719 quo
1228 4663 1290 4703 se
1318 4649 1388 4703 ab
1412 4650 1771 4702 anathemate
1801 4647 2051 4701 solutum
2092 4646 2391 4700 exhiberet
2436 4646 2621 4700 eidem
2666 4648 3015 4703 sumendum*
3055 4652 3310 4716 sffuutius

1085 4748 1496 4802 celebraretur.
1528 4747 1682 4799 Idem
1712 4745 2074 4798 abdicaretur
2105 4744 2390 4797 sententia
2416 4745 2526 4797 lata
2555 4750 2665 4811 est,
2712 4747 2865 4812 quod
2892 4752 3082 4802 autem
3122 4748 3306 4800 statim

1084 4845 1400 4899 Roussinus
1428 4858 1542 4897 non
1567 4844 1767 4909 abiret,
1801 4857 1907 4911 pax
1930 4842 1988 4894 in
2010 4855 2183 4895 causa
2204 4840 2328 4894 fuit.
2355 4841 2512 4896 Hanc
2529 4848 2718 4897 autem
2749 4845 3086 4909 sententiam
3114 4856 3310 4912 utpute

1081 4944 1297 5013 justam
1323 4948 1381 4996 et
1408 4956 1611 5010 equam
1641 4940 1881 5009 genibus
1913 4940 2166 4994 omnium
2196 4953 2307 5006 que
2350 4940 2590 4994 maxima
2620 4947 2743 4996 erat
2787 4943 3114 5012 multitudo,
3158 4944 3306 5000 idem

1089 5040 1388 5095 obvolutus
1415 5039 1657 5108 accepit.

1112 5804 1132 5813 „9
1147 5792 1176 5809 2⁸?
1208 5792 1311 5815 :Ka—³⁴⁷?
1347 5812 1350 5813 ⁷
1448 5792 1463 5811 ζ
1477 5794 1547 5811 *ne-i
1565 5800 1575 5809 *-
1586 5788 2696 5818 »QQJ‘jffl'fi-{qukqfflfflwd-
2706 5799 2898 5808 ———
2917 5800 3190 5810 '———
3297 5804 3346 5808 —
