3950 5975
1541 798 1887 858 -77-.

594 955 1196 1029 intercessionem,
1213 948 2009 1041 tanquam'tribunitiam,
2027 958 2264 1037 aperte
2282 955 2730 1020 imitabantur
2747 956 2759 991 ¹
2779 977 2837 1016 ».

594 1068 742 1126 Jam
773 1064 1146 1143 apparebat
1187 1063 1444 1125 invidia
1496 1082 1646 1143 quae
1696 1064 2188 1153 Normanniam
2235 1064 2672 1143 superiorem
2728 1061 2842 1123 ad-

593 1188 832 1235 versus
889 1170 1298 1234 inferiorem
1329 1170 1616 1233 invehit.
1669 1171 2053 1240 Fraxineus
2111 1172 2341 1260 autem
2391 1172 2679 1233 conatus
2738 1170 2845 1231 est

593 1279 1071 1341 demonstrare
1169 1276 1752 1341 restaurationem
1819 1277 2309 1342 Universitatis
2368 1278 2624 1340 bonum
2687 1292 2843 1338 esse

592 1367 808 1447 totius
859 1383 1265 1459 Provinciae,
1336 1402 1486 1464 quae
1545 1386 1694 1447 tota
1767 1384 2209 1464 vectigalium
2267 1385 2535 1464 partem
2593 1399 2842 1462 capere

599 1491 910 1553 debebat.
951 1495 1245 1571 Ipseque
1297 1508 1573 1554 causam
1619 1489 1972 1554 inferioris
2030 1491 2471 1555 Normanniae
2515 1488 2844 1552 sustinuit

601 1600 671 1660 et
727 1597 920 1661 litem
1003 1597 1298 1662 obtinuit
1352 1596 1399 1661 2.
1473 1598 1817 1662 Vicesimo
1876 1616 2015 1661 uno
2068 1594 2332 1661 'mensis
2405 1596 2638 1677 aprilis
2705 1595 2841 1669 die,

601 1705 760 1767 anni
790 1704 968 1779 1581,
1004 1709 1148 1767 Rex
1181 1706 1455 1768 litteras
1488 1687 1928 1779 decernebat,
1961 1723 2113 1785 quae
2153 1706 2641 1785 computorum
2674 1719 2847 1788 con-

602 1812 946 1875 siliaribus
979 1814 1048 1875 et
1077 1797 1294 1874 Curiae
1323 1816 1358 1873 J
1366 1812 1761 1875 uvaminum
1789 1812 2351 1892 Rothomagensi,
2392 1809 2845 1873 thesaurariis

599 1919 1037 1998 generalibus
1087 1908 1416 1996 Franc'iae‚
1467 1919 1740 1983 scriniis
1789 1920 2117 1983 fiscorum
2171 1918 2444 1982 Cadomi
2492 1919 2561 1981 et
2593 1916 2847 1980 Rotho-

600 2026 802 2104 magi,
850 2025 1121 2106 baillivo
1160 2011 1434 2090 Cadomi
1485 2026 1736 2097 missae,
1794 2044 1914 2089 eos
1965 2027 2336 2089 monebant
2380 2030 2639 2103 Regem
2675 2040 2848 2086 con-

599 2133 917 2206 cessisse,
949 2150 1234 2213 persex
1273 2150 1511 2206 annos,
1571 2134 1810 2196 decem
1840 2125 2261 2196 turonenses
2317 2132 2529 2194 libras
2569 2132 2652 2194 de
2685 2129 2845 2192 salis

599 2228 869 2320 quoque
900 2240 1162 2304 minoto
1195 2240 1560 2304 venditoin
1594 2242 1956 2320 portubus,
1986 2240 2266 2314 hordeis
2289 2238 2650 2311 salinariis,
2681 2230 2751 2301 et
2774 2238 2846 2299 in

494 2431 500 2436 ι
595 2347 952 2426 provincia
1004 2343 1538 2421 Normanorum,
1601 2347 1782 2427 quod
1831 2365 1962 2427 per
2017 2364 2273 2409 annum
2334 2346 2522 2409 mille
2596 2361 2846 2407 aureos

597 2456 1016 2533 produceret
1045 2454 1090 2516 3.
1154 2455 1601 2535 Valquelinus
1653 2453 1884 2518 statim
1939 2477 1974 2511 «
2023 2454 2218 2515 tanta
2270 2445 2607 2515 redeundi
2658 2451 2848 2531 cupi-

598 2560 810 2623 ditate
842 2561 1168 2624 incensus
1217 2560 1345 2633 est,
1391 2562 1468 2623 ut
1497 2561 1629 2641 ipsi
1665 2562 1866 2623 nullae
1901 2560 2251 2640 quadrigae
2288 2559 2846 2632 satisfaciebant;

597 2666 928 2731 afferebat
959 2667 1144 2731 enim
1175 2669 1429 2730 donum
1483 2668 1632 2730 suis
1687 2668 1948 2731 civibus
2002 2668 2160 2747 post
2206 2668 2450 2730 urbem
2504 2665 2849 2730 conditam

600 2775 802 2853 longe
832 2774 1483 2854 praestantissimum
1514 2774 1536 2815 4
1567 2797 1622 2835 ».
1659 2775 1910 2838 Eodem
1941 2774 2075 2846 die,
2116 2774 2267 2835 aliis
2300 2774 2560 2835 litteris
2595 2772 2847 2846 missiS‚

600 2882 1042 2960 Valquelinus
1064 2880 1315 2944 tertius
1344 2882 1858 2944 commissarius
1892 2881 2285 2943 nominatus
2322 2882 2428 2942 est
2460 2880 2853 2969 adrestitu-

603 2990 846 3052 endam
870 2989 1406 3060 Universitatem
1432 3007 1586 3052 cum
1609 2990 1913 3052 Gemello
1938 2989 2269 3052 Lisaureo
2294 2990 2364 3051 et
2384 2986 2847 3052 Corvaldino5.

721 3101 811 3158 Ex
837 3095 1152 3159 omnibus
1181 3097 1493 3176 partibus
1527 3098 1954 3158 conabantur
1974 3095 2154 3157 viam
2193 3097 2263 3158 et
2294 3096 2636 3158 rationem
2664 3094 2852 3158 inve-

599 3204 750 3267 nire
774 3204 1244 3266 restaurandae
1274 3203 1780 3266 Universitatis:
1803 3204 1935 3266 hoc
1957 3204 2274 3282 tempore
2298 3203 2557 3292 forsan,
2573 3203 2853 3265 Carolus

597 3311 680 3373 de
727 3295 893 3373 Bras
935 3310 1214 3390 scripsit
1275 3310 1684 3393 opusculum
1729 3309 1778 3384 ⁶,
1826 3309 1894 3371 in
1947 3326 2083 3390 quo
2137 3323 2347 3389 quum
2427 3311 2577 3372 sine
2645 3309 2850 3373 dubio

597 3418 917 3480 crederet
949 3435 1024 3480 se
1056 3417 1363 3479 remedia
1388 3417 1718 3491 indicare,
1757 3416 2038 3479 minutae
2074 3417 2559 3479 Universitatis
2613 3434 2854 3480 causas

595 3525 984 3613 exponebat
1023 3540 1037 3597 3
1088 3542 1238 3603 quae
1289 3525 1355 3586 ei
1406 3524 1731 3586 videntur
1778 3540 1934 3586 esse
1977 3524 2204 3585 tales:
2256 3525 2493 3602 patres
2528 3540 2664 3586 non
2694 3523 2853 3585 filiis

599 3630 740 3692 suis
793 3631 1104 3693 redditus
1159 3632 1323 3693 dare
1383 3630 1460 3692 ad
1515 3631 1742 3693 studia
1784 3648 1798 3704 ;
1858 3631 2216 3693 decretum
2269 3629 2564 3693 Consilii-
2599 3630 2856 3692 Privati

596 3738 694 3800 ad
721 3737 1226 3801 nominationes
1257 3737 1608 3816 pertinens
1657 3754 1795 3799 non
1855 3738 2297 3799 observatum
2353 3754 2551 3810 esse3
2610 3736 2856 3799 deinde

597 3844 1030 3923 negligentes
1103 3846 1426 3924 praelatos
1488 3862 1642 3907 esse
1713 3844 1829 3923 qui
1886 3844 1954 3905 in
2024 3843 2488 3907 Universitate
2566 3844 2859 3922 collegia

598 3951 946 4014 clericalia
1001 3953 1343 4032 quondam
1413 3952 1734 4014 florentia
1769 3950 1982 4013 ¹alere
2044 3953 2514 4024 cessaverant,
2579 3951 2643 4031 (a
2702 3952 2861 4012 lon-

598 4057 853 4138 ginquo
882 4060 1224 4139 tempore,
1260 4058 1408 4121 sine
1442 4058 1645 4121 dubio
1689 4075 1703 4132 3
1741 4076 1895 4120 nam
1936 4059 2020 4120 de
2065 4060 2231 4119 Bras
2277 4057 2666 4136 juventutis
2716 4075 2856 4120 suae

599 4166 1046 4229 monumenta
1075 4164 1366 4246 evocat).
2132 4149 2139 4155 ⁸
2625 4148 2628 4149 ⁷

691 4407 733 4455 1.
761 4403 864 4466 Id„
897 4407 1005 4456 228,

687 4483 734 4534 2.
766 4483 853 4535 Id.

683 4565 729 4616 3.
767 4583 790 4610 α
839 4564 1042 4629 Coppie
1073 4563 1145 4615 du
1169 4564 1399 4630 premier
1433 4569 1619 4628 octroy
1650 4563 1719 4615 de
1746 4564 2101 4616 l'Universite
2133 4582 2175 4616 )).
2202 4564 2395 4628 (Arch.
2441 4564 2608 4628 Calin,
2633 4563 2706 4614 D.
2734 4565 2859 4628 181.)

689 4646 743 4697 4.
785 4645 974 4696 Oratio
1000 4644 1186 4708 prima,
1208 4644 1265 4695 J.
1299 4644 1526 4696 Ruaeelii
1547 4660 1733 4709 opera,
1765 4644 1881 4695 229.

692 4725 736 4776 5.
772 4724 918 4775 Ibid.
945 4731 1000 4776 et
1028 4724 1193 4775 Arch.
1223 4741 1418 4787 comm„
1449 4725 1521 4774 R.
1559 4725 1628 4774 H.
1648 4724 1729 4786 V„
1765 4741 1816 4775 c.
1847 4726 1926 4787 21,
1954 4725 1999 4774 fn
2029 4728 2105 4776 76.

693 4807 738 4856 6.
769 4804 936 4869 Cujus
971 4810 1054 4855 est
1083 4805 1176 4856 ille
1202 4804 1422 4855 titulus:
1451 4819 1476 4854 «
1512 4805 1970 4856 Remonstrances
2007 4805 2076 4856 de
2104 4805 2272 4857 noble
2295 4803 2506 4874 homme
2533 4805 2757 4857 charles
2792 4805 2861 4856 de

602 4881 990 4949 Bourgueville
1023 4885 1170 4935 sieut
1205 4884 1272 4936 de
1303 4886 1484 4935 BraS...
1516 4891 1848 4936 concernant
1880 4885 2036 4935 l'etat
2072 4891 2128 4936 et
2157 4886 2237 4936 les
2276 4886 2569 4951 privileges
2604 4886 2671 4936 de
2695 4885 2863 4937 l'Uni-

602 4964 804 5017 versite
836 4980 877 5016 )).
919 4965 1081 5016 Arch.
1119 4965 1299 5027 Calv„
1346 4966 1396 5014 D
1434 4965 1511 5027 48,
1559 4965 1642 5033 ed.
1691 4966 1881 5027 Benet,
1919 4982 1957 5028 1,
2004 4965 2067 5015 80
2106 4984 2119 5015 ε
2176 4967 2305 5016 anni
2350 4968 2470 5016 1587
2517 4967 2636 5016 haec
2674 4967 2865 5016 charta

604 5043 839 5101 indicem
871 5045 1010 5108 fert3
1053 5045 1152 5097 sed
1195 5061 1225 5096 e
1267 5045 1470 5109 scripto
1518 5045 1635 5108 ipso
1677 5045 1852 5097 Benet
1885 5046 2038 5110 juste
2081 5046 2316 5111 conjecit
2350 5047 2453 5098 hoc
2484 5047 2865 5098 documentum

616 5141 756 5177 anno
785 5126 896 5178 ¹581
927 5125 1206 5185 redactum
1241 5125 1425 5177 fuisse.
