<?xml version="1.0" encoding="UTF-8"?>
<!DOCTYPE html PUBLIC "-//W3C//DTD XHTML 1.0 Transitional//EN"
    "http://www.w3.org/TR/xhtml1/DTD/xhtml1-transitional.dtd">
<html xmlns="http://www.w3.org/1999/xhtml" xml:lang="en" lang="en">
 <head>
  <title>
</title>
<meta http-equiv="Content-Type" content="text/html;charset=utf-8" />
  <meta name='ocr-system' content='tesseract 3.04.00' />
  <meta name='ocr-capabilities' content='ocr_page ocr_carea ocr_par ocr_line ocrx_word'/>
</head>
<body>
  <div class='ocr_page' id='page_1' title='image "./renovatioacrefo00prengoog_0062.png"; bbox 0 0 3950 5975; ppageno 0'>
   <div class='ocr_carea' id='block_1_1' title="bbox 1623 675 1967 756">
    <p class='ocr_par' dir='ltr' id='par_1_1' title="bbox 1623 675 1967 756">
     <span class='ocr_line' id='line_1_1' title="bbox 1623 675 1967 756; baseline -0.006 -35"><span class='ocrx_word' id='word_1_1' title='bbox 1623 710 1721 756; x_wconf 21' lang='grc' dir='ltr'>-ν,</span> <span class='ocrx_word' id='word_1_2' title='bbox 1756 675 1834 736; x_wconf 78' lang='lat'>27</span> <span class='ocrx_word' id='word_1_3' title='bbox 1890 710 1967 719; x_wconf 79' lang='lat'>.-</span> 
     </span>
    </p>
   </div>
   <div class='ocr_carea' id='block_1_2' title="bbox 614 829 3021 3578">
    <p class='ocr_par' dir='ltr' id='par_1_2' title="bbox 671 829 3021 2725">
     <span class='ocr_line' id='line_1_2' title="bbox 680 829 2924 915; baseline 0 -16"><span class='ocrx_word' id='word_1_4' title='bbox 680 841 939 915; x_wconf 86' lang='lat' dir='ltr'>.Regum</span> <span class='ocrx_word' id='word_1_5' title='bbox 975 836 1226 899; x_wconf 87' lang='lat' dir='ltr'>festum</span> <span class='ocrx_word' id='word_1_6' title='bbox 1253 836 1362 899; x_wconf 91' lang='lat' dir='ltr'>die</span> <span class='ocrx_word' id='word_1_7' title='bbox 1404 835 1867 915; x_wconf 70' lang='lat' dir='ltr'>praecedente,</span> <span class='ocrx_word' id='word_1_8' title='bbox 1906 836 2217 897; x_wconf 88' lang='lat' dir='ltr'>nonnulli</span> <span class='ocrx_word' id='word_1_9' title='bbox 2256 838 2580 915; x_wconf 88' lang='lat' dir='ltr'>regentes</span> <span class='ocrx_word' id='word_1_10' title='bbox 2616 839 2685 899; x_wconf 89' lang='lat' dir='ltr'>et</span> <span class='ocrx_word' id='word_1_11' title='bbox 2735 829 2924 900; x_wconf 86' lang='lat' dir='ltr'>scho-</span> 
     </span>
     <span class='ocr_line' id='line_1_3' title="bbox 677 941 2924 1021; baseline 0 -17"><span class='ocrx_word' id='word_1_12' title='bbox 677 944 858 1004; x_wconf 90' lang='lat' dir='ltr'>lares</span> <span class='ocrx_word' id='word_1_13' title='bbox 918 943 989 1003; x_wconf 92' lang='lat' dir='ltr'>in</span> <span class='ocrx_word' id='word_1_14' title='bbox 1040 943 1231 1004; x_wconf 86' lang='lat' dir='ltr'>urbis</span> <span class='ocrx_word' id='word_1_15' title='bbox 1283 941 1679 1021; x_wconf 76' lang='lat' dir='ltr'>quadriviiS‚</span> <span class='ocrx_word' id='word_1_16' title='bbox 1733 941 1950 1001; x_wconf 85' lang='lat' dir='ltr'>farsas</span> <span class='ocrx_word' id='word_1_17' title='bbox 2004 943 2297 1019; x_wconf 78' lang='lat' dir='ltr'>agebant</span> <span class='ocrx_word' id='word_1_18' title='bbox 2336 943 2406 1003; x_wconf 93' lang='lat' dir='ltr'>in</span> <span class='ocrx_word' id='word_1_19' title='bbox 2456 943 2762 1005; x_wconf 90' lang='lat' dir='ltr'>carrucis</span> <span class='ocrx_word' id='word_1_20' title='bbox 2808 945 2924 1004; x_wconf 90' lang='lat' dir='ltr'>aut</span> 
     </span>
     <span class='ocr_line' id='line_1_4' title="bbox 679 1037 2920 1130; baseline 0 -20"><span class='ocrx_word' id='word_1_21' title='bbox 679 1048 986 1130; x_wconf 71' lang='lat' dir='ltr'>equitati,</span> <span class='ocrx_word' id='word_1_22' title='bbox 1041 1048 1287 1127; x_wconf 85' lang='lat' dir='ltr'>quibus</span> <span class='ocrx_word' id='word_1_23' title='bbox 1320 1048 1687 1110; x_wconf 89' lang='lat' dir='ltr'>monerent</span> <span class='ocrx_word' id='word_1_24' title='bbox 1740 1049 1810 1107; x_wconf 89' lang='lat' dir='ltr'>et</span> <span class='ocrx_word' id='word_1_25' title='bbox 1852 1046 2233 1109; x_wconf 73' lang='lat' dir='ltr'>invitarent</span> <span class='ocrx_word' id='word_1_26' title='bbox 2267 1049 2450 1110; x_wconf 89' lang='lat' dir='ltr'>cives</span> <span class='ocrx_word' id='word_1_27' title='bbox 2482 1050 2557 1111; x_wconf 91' lang='lat' dir='ltr'>ut</span> <span class='ocrx_word' id='word_1_28' title='bbox 2581 1037 2920 1124; x_wconf 85' lang='lat' dir='ltr'>viderent,</span> 
     </span>
     <span class='ocr_line' id='line_1_5' title="bbox 677 1154 2923 1233; baseline -0 -16"><span class='ocrx_word' id='word_1_29' title='bbox 677 1160 938 1233; x_wconf 82' lang='lat' dir='ltr'>Regum</span> <span class='ocrx_word' id='word_1_30' title='bbox 987 1156 1203 1227; x_wconf 81' lang='lat' dir='ltr'>feriis</span> <span class='ocrx_word' id='word_1_31' title='bbox 1248 1154 1722 1233; x_wconf 86' lang='lat' dir='ltr'>pomeridiana</span> <span class='ocrx_word' id='word_1_32' title='bbox 1766 1154 2056 1215; x_wconf 75' lang='lat' dir='ltr'>moralia</span> <span class='ocrx_word' id='word_1_33' title='bbox 2101 1156 2170 1216; x_wconf 93' lang='lat' dir='ltr'>et</span> <span class='ocrx_word' id='word_1_34' title='bbox 2211 1157 2548 1232; x_wconf 86' lang='lat' dir='ltr'>jocundas</span> <span class='ocrx_word' id='word_1_35' title='bbox 2595 1156 2812 1217; x_wconf 86' lang='lat' dir='ltr'>farsas</span> <span class='ocrx_word' id='word_1_36' title='bbox 2852 1156 2923 1216; x_wconf 89' lang='lat' dir='ltr'>in</span> 
     </span>
     <span class='ocr_line' id='line_1_6' title="bbox 677 1260 2923 1343; baseline 0.001 -21"><span class='ocrx_word' id='word_1_37' title='bbox 677 1262 1009 1340; x_wconf 74' lang='lat' dir='ltr'>collegiis,</span> <span class='ocrx_word' id='word_1_38' title='bbox 1061 1265 1215 1340; x_wconf 86' lang='lat' dir='ltr'>Ipsa</span> <span class='ocrx_word' id='word_1_39' title='bbox 1256 1262 1363 1323; x_wconf 92' lang='lat' dir='ltr'>die</span> <span class='ocrx_word' id='word_1_40' title='bbox 1396 1265 1659 1338; x_wconf 88' lang='lat' dir='ltr'>Regum</span> <span class='ocrx_word' id='word_1_41' title='bbox 1714 1282 1747 1316; x_wconf 91' lang='lat'>«</span> <span class='ocrx_word' id='word_1_42' title='bbox 1782 1276 1856 1321; x_wconf 90' lang='lat' dir='ltr'>se</span> <span class='ocrx_word' id='word_1_43' title='bbox 1900 1260 2241 1337; x_wconf 86' lang='lat' dir='ltr'>faisoyent</span> <span class='ocrx_word' id='word_1_44' title='bbox 2276 1262 2396 1324; x_wconf 90' lang='lat' dir='ltr'>des</span> <span class='ocrx_word' id='word_1_45' title='bbox 2425 1262 2738 1343; x_wconf 70' lang='lat' dir='ltr'>{Montres</span> <span class='ocrx_word' id='word_1_46' title='bbox 2791 1279 2923 1340; x_wconf 90' lang='lat' dir='ltr'>que</span> 
     </span>
     <span class='ocr_line' id='line_1_7' title="bbox 675 1366 2923 1455; baseline 0.001 -28"><span class='ocrx_word' id='word_1_47' title='bbox 675 1368 809 1429; x_wconf 91' lang='lat' dir='ltr'>l&#39;on</span> <span class='ocrx_word' id='word_1_48' title='bbox 849 1368 1150 1447; x_wconf 89' lang='lat' dir='ltr'>appeloit</span> <span class='ocrx_word' id='word_1_49' title='bbox 1201 1366 1567 1429; x_wconf 86' lang='lat' dir='ltr'>Marolles¹</span> <span class='ocrx_word' id='word_1_50' title='bbox 1611 1389 1645 1422; x_wconf 89' lang='lat'>»</span> <span class='ocrx_word' id='word_1_51' title='bbox 1719 1370 2021 1451; x_wconf 67' lang='lat' dir='ltr'>,Iuvenes</span> <span class='ocrx_word' id='word_1_52' title='bbox 2077 1383 2165 1428; x_wconf 80' lang='lat' dir='ltr'>ex</span> <span class='ocrx_word' id='word_1_53' title='bbox 2223 1368 2499 1455; x_wconf 84' lang='lat' dir='ltr'>optimis</span> <span class='ocrx_word' id='word_1_54' title='bbox 2551 1368 2923 1446; x_wconf 87' lang='lat' dir='ltr'>generibus</span> 
     </span>
     <span class='ocr_line' id='line_1_8' title="bbox 676 1473 2924 1553; baseline 0 -18"><span class='ocrx_word' id='word_1_55' title='bbox 676 1492 888 1535; x_wconf 89' lang='lat' dir='ltr'>unum</span> <span class='ocrx_word' id='word_1_56' title='bbox 946 1492 1034 1536; x_wconf 83' lang='lat' dir='ltr'>ex</span> <span class='ocrx_word' id='word_1_57' title='bbox 1087 1473 1172 1535; x_wconf 91' lang='lat' dir='ltr'>iis</span> <span class='ocrx_word' id='word_1_58' title='bbox 1223 1474 1337 1552; x_wconf 90' lang='lat' dir='ltr'>qui</span> <span class='ocrx_word' id='word_1_59' title='bbox 1389 1474 1539 1535; x_wconf 85' lang='lat' dir='ltr'>erat</span> <span class='ocrx_word' id='word_1_60' title='bbox 1576 1473 1786 1535; x_wconf 83' lang='lat' dir='ltr'>fabeae</span> <span class='ocrx_word' id='word_1_61' title='bbox 1823 1491 1950 1534; x_wconf 86' lang='lat' dir='ltr'>rex</span> <span class='ocrx_word' id='word_1_62' title='bbox 1994 1473 2477 1551; x_wconf 72' lang='lat' dir='ltr'>praecedebant</span> <span class='ocrx_word' id='word_1_63' title='bbox 2523 1474 2806 1553; x_wconf 77' lang='lat' dir='ltr'>equitati</span> <span class='ocrx_word' id='word_1_64' title='bbox 2847 1491 2924 1535; x_wconf 88' lang='lat' dir='ltr'>ac</span> 
     </span>
     <span class='ocr_line' id='line_1_9' title="bbox 675 1580 2919 1651; baseline -0 -10"><span class='ocrx_word' id='word_1_65' title='bbox 675 1582 849 1641; x_wconf 90' lang='lat' dir='ltr'>bene</span> <span class='ocrx_word' id='word_1_66' title='bbox 879 1581 1135 1651; x_wconf 89' lang='lat' dir='ltr'>vestiti,</span> <span class='ocrx_word' id='word_1_67' title='bbox 1169 1580 1235 1641; x_wconf 91' lang='lat' dir='ltr'>in</span> <span class='ocrx_word' id='word_1_68' title='bbox 1270 1580 1559 1642; x_wconf 90' lang='lat' dir='ltr'>diversis</span> <span class='ocrx_word' id='word_1_69' title='bbox 1592 1580 1782 1640; x_wconf 91' lang='lat' dir='ltr'>urbis</span> <span class='ocrx_word' id='word_1_70' title='bbox 1815 1580 2130 1641; x_wconf 88' lang='lat' dir='ltr'>ecclesiis</span> <span class='ocrx_word' id='word_1_71' title='bbox 2162 1582 2236 1641; x_wconf 84' lang='lat' dir='ltr'>ut</span> <span class='ocrx_word' id='word_1_72' title='bbox 2271 1580 2548 1641; x_wconf 89' lang='lat' dir='ltr'>missam</span> <span class='ocrx_word' id='word_1_73' title='bbox 2580 1580 2919 1642; x_wconf 82' lang='lat' dir='ltr'>audirent.</span> 
     </span>
     <span class='ocr_line' id='line_1_10' title="bbox 703 1672 2923 1765; baseline 0 -18"><span class='ocrx_word' id='word_1_74' title='bbox 703 1696 709 1703; x_wconf 88' lang='lat'>&#39;</span> <span class='ocrx_word' id='word_1_75' title='bbox 795 1687 923 1749; x_wconf 85' lang='lat' dir='ltr'>Sed</span> <span class='ocrx_word' id='word_1_76' title='bbox 983 1687 1206 1760; x_wconf 81' lang='lat' dir='ltr'>Curia,</span> <span class='ocrx_word' id='word_1_77' title='bbox 1256 1672 1405 1765; x_wconf 88' lang='lat' dir='ltr'>quae</span> <span class='ocrx_word' id='word_1_78' title='bbox 1466 1689 1635 1764; x_wconf 88' lang='lat' dir='ltr'>jam,</span> <span class='ocrx_word' id='word_1_79' title='bbox 1698 1706 1728 1746; x_wconf 89' lang='lat'>«</span> <span class='ocrx_word' id='word_1_80' title='bbox 1764 1686 1923 1764; x_wconf 89' lang='lat' dir='ltr'>quia</span> <span class='ocrx_word' id='word_1_81' title='bbox 1972 1686 2044 1747; x_wconf 88' lang='lat' dir='ltr'>in</span> <span class='ocrx_word' id='word_1_82' title='bbox 2103 1685 2791 1749; x_wconf 82' lang='lat' dir='ltr'>commessationibus</span> <span class='ocrx_word' id='word_1_83' title='bbox 2855 1688 2923 1748; x_wconf 92' lang='lat' dir='ltr'>et</span> 
     </span>
     <span class='ocr_line' id='line_1_11' title="bbox 680 1793 2925 1872; baseline -0 -16"><span class='ocrx_word' id='word_1_84' title='bbox 680 1794 1129 1856; x_wconf 80' lang='lat' dir='ltr'>ebrietatibus</span> <span class='ocrx_word' id='word_1_85' title='bbox 1164 1812 1313 1871; x_wconf 88' lang='lat' dir='ltr'>quae</span> <span class='ocrx_word' id='word_1_86' title='bbox 1348 1793 1598 1855; x_wconf 89' lang='lat' dir='ltr'>mentis</span> <span class='ocrx_word' id='word_1_87' title='bbox 1638 1793 1973 1855; x_wconf 89' lang='lat' dir='ltr'>inducunt</span> <span class='ocrx_word' id='word_1_88' title='bbox 2012 1793 2289 1855; x_wconf 82' lang='lat' dir='ltr'>exilium</span> <span class='ocrx_word' id='word_1_89' title='bbox 2335 1795 2404 1855; x_wconf 89' lang='lat' dir='ltr'>et</span> <span class='ocrx_word' id='word_1_90' title='bbox 2453 1793 2750 1854; x_wconf 88' lang='lat' dir='ltr'>libidinis</span> <span class='ocrx_word' id='word_1_91' title='bbox 2770 1810 2925 1872; x_wconf 92' lang='lat' dir='ltr'>pro-</span> 
     </span>
     <span class='ocr_line' id='line_1_12' title="bbox 673 1899 2961 1979; baseline 0 -19"><span class='ocrx_word' id='word_1_92' title='bbox 673 1901 920 1962; x_wconf 86' lang='lat' dir='ltr'>vocant</span> <span class='ocrx_word' id='word_1_93' title='bbox 951 1901 1368 1972; x_wconf 88' lang='lat' dir='ltr'>incendium,</span> <span class='ocrx_word' id='word_1_94' title='bbox 1414 1916 1550 1962; x_wconf 90' lang='lat' dir='ltr'>non</span> <span class='ocrx_word' id='word_1_95' title='bbox 1598 1900 1668 1960; x_wconf 92' lang='lat' dir='ltr'>in</span> <span class='ocrx_word' id='word_1_96' title='bbox 1703 1900 2041 1961; x_wconf 90' lang='lat' dir='ltr'>cubilibus</span> <span class='ocrx_word' id='word_1_97' title='bbox 2085 1901 2154 1962; x_wconf 90' lang='lat' dir='ltr'>et</span> <span class='ocrx_word' id='word_1_98' title='bbox 2195 1899 2644 1979; x_wconf 89' lang='lat' dir='ltr'>impuditiciis</span> <span class='ocrx_word' id='word_1_99' title='bbox 2686 1917 2813 1961; x_wconf 91' lang='lat' dir='ltr'>nec</span> <span class='ocrx_word' id='word_1_100' title='bbox 2852 1900 2920 1960; x_wconf 93' lang='lat' dir='ltr'>in</span> <span class='ocrx_word' id='word_1_101' title='bbox 2955 1910 2961 1916; x_wconf 82' lang='grc'><strong>’</strong></span> 
     </span>
     <span class='ocr_line' id='line_1_13' title="bbox 672 2006 2920 2088; baseline 0 -21"><span class='ocrx_word' id='word_1_102' title='bbox 672 2008 863 2069; x_wconf 85' lang='lat' dir='ltr'>terra</span> <span class='ocrx_word' id='word_1_103' title='bbox 904 2006 1211 2067; x_wconf 84' lang='lat' dir='ltr'>suaviter</span> <span class='ocrx_word' id='word_1_104' title='bbox 1248 2006 1623 2088; x_wconf 81' lang='lat' dir='ltr'>viventium</span> <span class='ocrx_word' id='word_1_105' title='bbox 1675 2006 2027 2069; x_wconf 88' lang='lat' dir='ltr'>invenitur</span> <span class='ocrx_word' id='word_1_106' title='bbox 2056 2007 2346 2067; x_wconf 89' lang='lat' dir='ltr'>scientia</span> <span class='ocrx_word' id='word_1_107' title='bbox 2371 2029 2428 2080; x_wconf 84' lang='lat'>›&gt;‚</span> <span class='ocrx_word' id='word_1_108' title='bbox 2472 2006 2920 2085; x_wconf 84' lang='lat' dir='ltr'>prandiorum</span> 
     </span>
     <span class='ocr_line' id='line_1_14' title="bbox 673 2109 2920 2194; baseline 0 -19"><span class='ocrx_word' id='word_1_109' title='bbox 673 2114 937 2191; x_wconf 89' lang='lat' dir='ltr'>copiam</span> <span class='ocrx_word' id='word_1_110' title='bbox 971 2114 1315 2184; x_wconf 89' lang='lat' dir='ltr'>vetuerat,</span> <span class='ocrx_word' id='word_1_111' title='bbox 1352 2114 1527 2174; x_wconf 88' lang='lat' dir='ltr'>ludis</span> <span class='ocrx_word' id='word_1_112' title='bbox 1556 2109 1691 2173; x_wconf 88' lang='lat' dir='ltr'>illis</span> <span class='ocrx_word' id='word_1_113' title='bbox 1715 2113 2172 2191; x_wconf 82' lang='lat' dir='ltr'>voluptuosis,</span> <span class='ocrx_word' id='word_1_114' title='bbox 2200 2130 2540 2194; x_wconf 72' lang='lat' dir='ltr'>«quorum</span> <span class='ocrx_word' id='word_1_115' title='bbox 2558 2113 2920 2175; x_wconf 76' lang='lat' dir='ltr'>occasione</span> 
     </span>
     <span class='ocr_line' id='line_1_15' title="bbox 674 2203 3021 2299; baseline -0.001 -17"><span class='ocrx_word' id='word_1_116' title='bbox 674 2222 795 2282; x_wconf 89' lang='lat' dir='ltr'>sub</span> <span class='ocrx_word' id='word_1_117' title='bbox 827 2203 1131 2299; x_wconf 62' lang='lat' dir='ltr'>quadani</span> <span class='ocrx_word' id='word_1_118' title='bbox 1149 2221 1555 2286; x_wconf 82' lang='lat' dir='ltr'>curialitatis</span> <span class='ocrx_word' id='word_1_119' title='bbox 1589 2220 1909 2297; x_wconf 82' lang='lat' dir='ltr'>imagine,</span> <span class='ocrx_word' id='word_1_120' title='bbox 1938 2220 2021 2283; x_wconf 90' lang='lat' dir='ltr'>ad</span> <span class='ocrx_word' id='word_1_121' title='bbox 2053 2220 2526 2293; x_wconf 88' lang='lat' dir='ltr'>dissolutionis</span> <span class='ocrx_word' id='word_1_122' title='bbox 2560 2220 2918 2294; x_wconf 81' lang='lat' dir='ltr'>materiam</span> <span class='ocrx_word' id='word_1_123' title='bbox 3014 2229 3021 2234; x_wconf 85' lang='grc'><em>·</em></span> 
     </span>
     <span class='ocr_line' id='line_1_16' title="bbox 671 2326 2910 2406; baseline -0 -18"><span class='ocrx_word' id='word_1_124' title='bbox 671 2327 1123 2398; x_wconf 74' lang='lat' dir='ltr'>devenitur»,</span> <span class='ocrx_word' id='word_1_125' title='bbox 1184 2327 1449 2406; x_wconf 87' lang='lat' dir='ltr'>pariter</span> <span class='ocrx_word' id='word_1_126' title='bbox 1504 2326 1886 2398; x_wconf 79' lang='lat' dir='ltr'>interdixit,</span> <span class='ocrx_word' id='word_1_127' title='bbox 1923 2328 1993 2388; x_wconf 88' lang='lat' dir='ltr'>et</span> <span class='ocrx_word' id='word_1_128' title='bbox 2052 2344 2296 2405; x_wconf 88' lang='lat' dir='ltr'>pravas</span> <span class='ocrx_word' id='word_1_129' title='bbox 2351 2327 2910 2399; x_wconf 83' lang='lat' dir='ltr'>consuetudineS,</span> 
     </span>
     <span class='ocr_line' id='line_1_17' title="bbox 672 2433 2913 2513; baseline 0.001 -22"><span class='ocrx_word' id='word_1_130' title='bbox 672 2456 706 2491; x_wconf 68' lang='grc' dir='ltr'>«ε</span> <span class='ocrx_word' id='word_1_131' title='bbox 738 2436 1362 2513; x_wconf 83' lang='lat' dir='ltr'>quaecorruptelae</span> <span class='ocrx_word' id='word_1_132' title='bbox 1420 2434 1651 2513; x_wconf 90' lang='lat' dir='ltr'>potius</span> <span class='ocrx_word' id='word_1_133' title='bbox 1710 2433 2013 2494; x_wconf 82' lang='lat' dir='ltr'>dicendae</span> <span class='ocrx_word' id='word_1_134' title='bbox 2084 2434 2327 2503; x_wconf 85' lang='lat' dir='ltr'>sunt‚›&gt;</span> <span class='ocrx_word' id='word_1_135' title='bbox 2377 2434 2798 2511; x_wconf 81' lang='lat' dir='ltr'>abrogandas</span> <span class='ocrx_word' id='word_1_136' title='bbox 2843 2436 2913 2494; x_wconf 93' lang='lat' dir='ltr'>et</span> 
     </span>
     <span class='ocr_line' id='line_1_18' title="bbox 672 2539 2912 2617; baseline -0.001 -16"><span class='ocrx_word' id='word_1_137' title='bbox 672 2542 1038 2602; x_wconf 87' lang='lat' dir='ltr'>abolendas</span> <span class='ocrx_word' id='word_1_138' title='bbox 1077 2541 1403 2603; x_wconf 88' lang='lat' dir='ltr'>decrevit.</span> <span class='ocrx_word' id='word_1_139' title='bbox 1434 2541 1773 2602; x_wconf 88' lang='lat' dir='ltr'>Honestas</span> <span class='ocrx_word' id='word_1_140' title='bbox 1803 2540 2034 2601; x_wconf 86' lang='lat' dir='ltr'>tamen</span> <span class='ocrx_word' id='word_1_141' title='bbox 2068 2540 2539 2601; x_wconf 89' lang='lat' dir='ltr'>recreationes</span> <span class='ocrx_word' id='word_1_142' title='bbox 2567 2539 2814 2617; x_wconf 89' lang='lat' dir='ltr'>vigiliae</span> <span class='ocrx_word' id='word_1_143' title='bbox 2844 2540 2912 2600; x_wconf 93' lang='lat' dir='ltr'>et</span> 
     </span>
     <span class='ocr_line' id='line_1_19' title="bbox 672 2632 2744 2725; baseline -0.001 -18"><span class='ocrx_word' id='word_1_144' title='bbox 672 2646 807 2708; x_wconf 89' lang='lat' dir='ltr'>diei</span> <span class='ocrx_word' id='word_1_145' title='bbox 839 2646 1225 2725; x_wconf 83' lang='lat' dir='ltr'>Epiphaniae</span> <span class='ocrx_word' id='word_1_146' title='bbox 1259 2664 1395 2709; x_wconf 93' lang='lat' dir='ltr'>non</span> <span class='ocrx_word' id='word_1_147' title='bbox 1429 2646 1812 2724; x_wconf 89' lang='lat' dir='ltr'>denegavit.</span> <span class='ocrx_word' id='word_1_148' title='bbox 2493 2640 2498 2643; x_wconf 78' lang='grc'><strong>’</strong></span> <span class='ocrx_word' id='word_1_149' title='bbox 2741 2632 2744 2634; x_wconf 53' lang='grc'><strong>’</strong></span> 
     </span>
    </p>

    <p class='ocr_par' dir='ltr' id='par_1_3' title="bbox 614 2752 2916 3578">
     <span class='ocr_line' id='line_1_20' title="bbox 790 2752 2911 2831; baseline 0 -18"><span class='ocrx_word' id='word_1_150' title='bbox 790 2754 1187 2815; x_wconf 83' lang='lat' dir='ltr'>Praesertim</span> <span class='ocrx_word' id='word_1_151' title='bbox 1239 2754 1606 2831; x_wconf 90' lang='lat' dir='ltr'>collegium</span> <span class='ocrx_word' id='word_1_152' title='bbox 1659 2752 1922 2830; x_wconf 86' lang='lat' dir='ltr'>jurium</span> <span class='ocrx_word' id='word_1_153' title='bbox 1964 2752 2166 2813; x_wconf 88' lang='lat' dir='ltr'>Curia</span> <span class='ocrx_word' id='word_1_154' title='bbox 2225 2753 2374 2813; x_wconf 83' lang='lat'>1521</span> <span class='ocrx_word' id='word_1_155' title='bbox 2424 2752 2583 2813; x_wconf 90' lang='lat' dir='ltr'>anni</span> <span class='ocrx_word' id='word_1_156' title='bbox 2631 2753 2911 2814; x_wconf 88' lang='lat' dir='ltr'>decreto</span> 
     </span>
     <span class='ocr_line' id='line_1_21' title="bbox 614 2858 2908 2937; baseline 0 -18"><span class='ocrx_word' id='word_1_157' title='bbox 614 2868 621 2878; x_wconf 92' lang='grc'><em>·</em></span> <span class='ocrx_word' id='word_1_158' title='bbox 671 2859 1205 2933; x_wconf 82' lang='lat' dir='ltr'>reformaverat;</span> <span class='ocrx_word' id='word_1_159' title='bbox 1240 2860 1310 2921; x_wconf 93' lang='lat' dir='ltr'>in</span> <span class='ocrx_word' id='word_1_160' title='bbox 1358 2860 1495 2921; x_wconf 88' lang='lat' dir='ltr'>illis</span> <span class='ocrx_word' id='word_1_161' title='bbox 1546 2860 1984 2921; x_wconf 84' lang='lat' dir='ltr'>facultatibus</span> <span class='ocrx_word' id='word_1_162' title='bbox 2045 2860 2114 2920; x_wconf 93' lang='lat' dir='ltr'>et</span> <span class='ocrx_word' id='word_1_163' title='bbox 2173 2875 2444 2937; x_wconf 87' lang='lat' dir='ltr'>quoque</span> <span class='ocrx_word' id='word_1_164' title='bbox 2502 2858 2908 2932; x_wconf 62' lang='lat' dir='ltr'>in‘ceteriS,</span> 
     </span>
     <span class='ocr_line' id='line_1_22' title="bbox 668 2965 2912 3046; baseline 0 -18"><span class='ocrx_word' id='word_1_165' title='bbox 668 2967 995 3046; x_wconf 86' lang='lat' dir='ltr'>vitiaquae</span> <span class='ocrx_word' id='word_1_166' title='bbox 1023 2968 1094 3030; x_wconf 89' lang='lat' dir='ltr'>in</span> <span class='ocrx_word' id='word_1_167' title='bbox 1127 2968 1425 3031; x_wconf 85' lang='lat' dir='ltr'>dedecus</span> <span class='ocrx_word' id='word_1_168' title='bbox 1459 2966 1938 3030; x_wconf 83' lang='lat' dir='ltr'>Universitalis</span> <span class='ocrx_word' id='word_1_169' title='bbox 1965 2966 2353 3037; x_wconf 85' lang='lat' dir='ltr'>vertebant,</span> <span class='ocrx_word' id='word_1_170' title='bbox 2391 2965 2596 3027; x_wconf 91' lang='lat' dir='ltr'>laedit.</span> <span class='ocrx_word' id='word_1_171' title='bbox 2621 2966 2912 3028; x_wconf 89' lang='lat' dir='ltr'>Veteres</span> 
     </span>
     <span class='ocr_line' id='line_1_23' title="bbox 670 3073 2916 3153; baseline -0.001 -18"><span class='ocrx_word' id='word_1_172' title='bbox 670 3075 825 3135; x_wconf 86' lang='lat' dir='ltr'>dein</span> <span class='ocrx_word' id='word_1_173' title='bbox 880 3092 1110 3137; x_wconf 88' lang='lat' dir='ltr'>mores</span> <span class='ocrx_word' id='word_1_174' title='bbox 1162 3074 1578 3137; x_wconf 89' lang='lat' dir='ltr'>scholarium</span> <span class='ocrx_word' id='word_1_175' title='bbox 1629 3092 1779 3153; x_wconf 88' lang='lat' dir='ltr'>quae</span> <span class='ocrx_word' id='word_1_176' title='bbox 1843 3073 2050 3135; x_wconf 90' lang='lat' dir='ltr'>medii</span> <span class='ocrx_word' id='word_1_177' title='bbox 2106 3073 2230 3134; x_wconf 90' lang='lat' dir='ltr'>aevi</span> <span class='ocrx_word' id='word_1_178' title='bbox 2282 3074 2457 3134; x_wconf 89' lang='lat' dir='ltr'>dona</span> <span class='ocrx_word' id='word_1_179' title='bbox 2510 3073 2916 3134; x_wconf 85' lang='lat' dir='ltr'>videbantur</span> 
     </span>
     <span class='ocr_line' id='line_1_24' title="bbox 671 3169 2914 3260; baseline -0 -20"><span class='ocrx_word' id='word_1_180' title='bbox 671 3181 1053 3260; x_wconf 83' lang='lat' dir='ltr'>reprimere</span> <span class='ocrx_word' id='word_1_181' title='bbox 1102 3183 1338 3244; x_wconf 91' lang='lat' dir='ltr'>voluit.</span> <span class='ocrx_word' id='word_1_182' title='bbox 1399 3182 1829 3243; x_wconf 90' lang='lat' dir='ltr'>Universitas</span> <span class='ocrx_word' id='word_1_183' title='bbox 1890 3180 2203 3242; x_wconf 88' lang='lat' dir='ltr'>ceterum</span> <span class='ocrx_word' id='word_1_184' title='bbox 2262 3196 2399 3241; x_wconf 92' lang='lat' dir='ltr'>non</span> <span class='ocrx_word' id='word_1_185' title='bbox 2456 3169 2729 3256; x_wconf 83' lang='lat' dir='ltr'>ingrata</span> <span class='ocrx_word' id='word_1_186' title='bbox 2785 3180 2914 3240; x_wconf 86' lang='lat' dir='ltr'>fuit</span> 
     </span>
     <span class='ocr_line' id='line_1_25' title="bbox 668 3285 2914 3366; baseline 0 -19"><span class='ocrx_word' id='word_1_187' title='bbox 668 3288 883 3348; x_wconf 88' lang='lat' dir='ltr'>Curiae</span> <span class='ocrx_word' id='word_1_188' title='bbox 918 3289 986 3349; x_wconf 87' lang='lat' dir='ltr'>et</span> <span class='ocrx_word' id='word_1_189' title='bbox 1019 3289 1324 3350; x_wconf 89' lang='lat' dir='ltr'>senatori</span> <span class='ocrx_word' id='word_1_190' title='bbox 1361 3289 1597 3351; x_wconf 83' lang='lat' dir='ltr'>Godet.</span> <span class='ocrx_word' id='word_1_191' title='bbox 1656 3291 1846 3349; x_wconf 89' lang='lat' dir='ltr'>Unus</span> <span class='ocrx_word' id='word_1_192' title='bbox 1888 3304 1925 3348; x_wconf 91' lang='lat' dir='ltr'>e</span> <span class='ocrx_word' id='word_1_193' title='bbox 1956 3287 2468 3366; x_wconf 85' lang='lat' dir='ltr'>professoribus</span> <span class='ocrx_word' id='word_1_194' title='bbox 2499 3285 2769 3348; x_wconf 90' lang='lat' dir='ltr'>Cadomi</span> <span class='ocrx_word' id='word_1_195' title='bbox 2802 3287 2914 3365; x_wconf 90' lang='lat' dir='ltr'>qui</span> 
     </span>
     <span class='ocr_line' id='line_1_26' title="bbox 666 3393 2911 3471; baseline -0 -16"><span class='ocrx_word' id='word_1_196' title='bbox 666 3396 873 3470; x_wconf 89' lang='lat' dir='ltr'>poeta</span> <span class='ocrx_word' id='word_1_197' title='bbox 914 3395 1085 3466; x_wconf 87' lang='lat' dir='ltr'>erat,</span> <span class='ocrx_word' id='word_1_198' title='bbox 1128 3396 1413 3467; x_wconf 91' lang='lat' dir='ltr'>Dumus,</span> <span class='ocrx_word' id='word_1_199' title='bbox 1449 3411 1728 3456; x_wconf 91' lang='lat' dir='ltr'>carmen</span> <span class='ocrx_word' id='word_1_200' title='bbox 1762 3393 1954 3455; x_wconf 89' lang='lat' dir='ltr'>Josse</span> <span class='ocrx_word' id='word_1_201' title='bbox 1993 3393 2231 3464; x_wconf 88' lang='lat' dir='ltr'>Godet‚</span> <span class='ocrx_word' id='word_1_202' title='bbox 2259 3409 2400 3454; x_wconf 86' lang='lat' dir='ltr'>-suo</span> <span class='ocrx_word' id='word_1_203' title='bbox 2443 3393 2911 3471; x_wconf 88' lang='lat' dir='ltr'>condiscipulo</span> 
     </span>
     <span class='ocr_line' id='line_1_27' title="bbox 668 3499 1307 3578; baseline 0.002 -18"><span class='ocrx_word' id='word_1_204' title='bbox 668 3499 853 3563; x_wconf 90' lang='lat' dir='ltr'>misit</span> <span class='ocrx_word' id='word_1_205' title='bbox 886 3517 1019 3578; x_wconf 85' lang='lat' dir='ltr'>quo</span> <span class='ocrx_word' id='word_1_206' title='bbox 1052 3500 1307 3563; x_wconf 83' lang='lat' dir='ltr'>aiebat:</span> 
     </span>
    </p>
   </div>
   <div class='ocr_carea' id='block_1_3' title="bbox 972 3710 2504 4095">
    <p class='ocr_par' dir='ltr' id='par_1_4' title="bbox 976 3710 2377 3936">
     <span class='ocr_line' id='line_1_28' title="bbox 977 3710 2377 3777; baseline -0.003 -13"><span class='ocrx_word' id='word_1_207' title='bbox 977 3713 1337 3776; x_wconf 85' lang='lat' dir='ltr'>Conscriptos</span> <span class='ocrx_word' id='word_1_208' title='bbox 1368 3713 1511 3762; x_wconf 87' lang='lat' dir='ltr'>inter</span> <span class='ocrx_word' id='word_1_209' title='bbox 1538 3717 1741 3777; x_wconf 77' lang='lat' dir='ltr'>patreS,</span> <span class='ocrx_word' id='word_1_210' title='bbox 1770 3711 2130 3762; x_wconf 81' lang='lat' dir='ltr'>celeberrime</span> <span class='ocrx_word' id='word_1_211' title='bbox 2162 3710 2377 3768; x_wconf 87' lang='lat' dir='ltr'>consul,</span> 
     </span>
     <span class='ocr_line' id='line_1_29' title="bbox 976 3792 2292 3847; baseline 0 -7"><span class='ocrx_word' id='word_1_212' title='bbox 976 3792 1169 3845; x_wconf 86' lang='lat' dir='ltr'>Clarus</span> <span class='ocrx_word' id='word_1_213' title='bbox 1198 3808 1259 3842; x_wconf 86' lang='lat' dir='ltr'>es</span> <span class='ocrx_word' id='word_1_214' title='bbox 1289 3798 1345 3843; x_wconf 86' lang='lat' dir='ltr'>et</span> <span class='ocrx_word' id='word_1_215' title='bbox 1371 3793 1584 3843; x_wconf 88' lang='lat' dir='ltr'>cunctis</span> <span class='ocrx_word' id='word_1_216' title='bbox 1613 3793 2008 3847; x_wconf 79' lang='lat' dir='ltr'>anteferendus</span> <span class='ocrx_word' id='word_1_217' title='bbox 2038 3792 2197 3842; x_wconf 69' lang='lat' dir='ltr'>avis„</span> <span class='ocrx_word' id='word_1_218' title='bbox 2219 3830 2228 3840; x_wconf 94' lang='lat'>.</span> <span class='ocrx_word' id='word_1_219' title='bbox 2250 3830 2260 3840; x_wconf 90' lang='lat'>.</span> <span class='ocrx_word' id='word_1_220' title='bbox 2281 3829 2292 3840; x_wconf 93' lang='lat'>.</span> 
     </span>
     <span class='ocr_line' id='line_1_30' title="bbox 977 3871 2223 3936; baseline 0 -16"><span class='ocrx_word' id='word_1_221' title='bbox 977 3871 1171 3921; x_wconf 83' lang='lat' dir='ltr'>Gloria</span> <span class='ocrx_word' id='word_1_222' title='bbox 1194 3873 1471 3936; x_wconf 85' lang='lat' dir='ltr'>gymnasii</span> <span class='ocrx_word' id='word_1_223' title='bbox 1499 3886 1648 3922; x_wconf 90' lang='lat' dir='ltr'>nunc</span> <span class='ocrx_word' id='word_1_224' title='bbox 1675 3872 2029 3924; x_wconf 83' lang='lat' dir='ltr'>cadomensis</span> <span class='ocrx_word' id='word_1_225' title='bbox 2059 3872 2223 3931; x_wconf 89' lang='lat' dir='ltr'>ades;</span> 
     </span>
    </p>

    <p class='ocr_par' dir='ltr' id='par_1_5' title="bbox 972 3951 2504 4095">
     <span class='ocr_line' id='line_1_31' title="bbox 973 3951 2504 4016; baseline -0.002 -14"><span class='ocrx_word' id='word_1_226' title='bbox 973 3952 1137 4002; x_wconf 83' lang='lat' dir='ltr'>Felix</span> <span class='ocrx_word' id='word_1_227' title='bbox 1168 3967 1315 4002; x_wconf 89' lang='lat' dir='ltr'>nunc</span> <span class='ocrx_word' id='word_1_228' title='bbox 1349 3953 1631 4005; x_wconf 85' lang='lat' dir='ltr'>Cadomus</span> <span class='ocrx_word' id='word_1_229' title='bbox 1662 3967 1760 4016; x_wconf 88' lang='lat' dir='ltr'>pro</span> <span class='ocrx_word' id='word_1_230' title='bbox 1795 3957 1844 4002; x_wconf 84' lang='lat' dir='ltr'>te</span> <span class='ocrx_word' id='word_1_231' title='bbox 1873 3966 2022 4001; x_wconf 89' lang='lat' dir='ltr'>nunc</span> <span class='ocrx_word' id='word_1_232' title='bbox 2051 3951 2228 4014; x_wconf 86' lang='lat' dir='ltr'>gessit</span> <span class='ocrx_word' id='word_1_233' title='bbox 2256 3951 2504 4011; x_wconf 86' lang='lat' dir='ltr'>alumno,</span> 
     </span>
     <span class='ocr_line' id='line_1_32' title="bbox 972 4031 2345 4095; baseline 0 -15"><span class='ocrx_word' id='word_1_234' title='bbox 972 4031 1042 4080; x_wconf 84' lang='lat' dir='ltr'>Et</span> <span class='ocrx_word' id='word_1_235' title='bbox 1075 4045 1383 4083; x_wconf 87' lang='lat' dir='ltr'>normanna</span> <span class='ocrx_word' id='word_1_236' title='bbox 1418 4033 1587 4083; x_wconf 85' lang='lat' dir='ltr'>simul</span> <span class='ocrx_word' id='word_1_237' title='bbox 1618 4036 1732 4083; x_wconf 85' lang='lat' dir='ltr'>tota</span> <span class='ocrx_word' id='word_1_238' title='bbox 1760 4032 2068 4095; x_wconf 83' lang='lat' dir='ltr'>triumphat</span> <span class='ocrx_word' id='word_1_239' title='bbox 2092 4032 2345 4082; x_wconf 78' lang='lat' dir='ltr'>humus2.</span> 
     </span>
    </p>
   </div>
   <div class='ocr_carea' id='block_1_4' title="bbox 662 4262 2902 4488">
    <p class='ocr_par' dir='ltr' id='par_1_6' title="bbox 662 4262 2902 4488">
     <span class='ocr_line' id='line_1_33' title="bbox 756 4262 1596 4329; baseline 0.006 -20"><span class='ocrx_word' id='word_1_240' title='bbox 756 4262 806 4310; x_wconf 92' lang='lat'>1.</span> <span class='ocrx_word' id='word_1_241' title='bbox 843 4277 915 4311; x_wconf 77' lang='lat' dir='ltr'>m:</span> <span class='ocrx_word' id='word_1_242' title='bbox 938 4262 1098 4325; x_wconf 51' lang='lat' dir='ltr'>Bais,</span> <span class='ocrx_word' id='word_1_243' title='bbox 1129 4280 1216 4329; x_wconf 82' lang='lat' dir='ltr'>op.</span> <span class='ocrx_word' id='word_1_244' title='bbox 1250 4264 1355 4325; x_wconf 69' lang='lat' dir='ltr'>cit„</span> <span class='ocrx_word' id='word_1_245' title='bbox 1386 4282 1443 4328; x_wconf 85' lang='lat' dir='ltr'>p.</span> <span class='ocrx_word' id='word_1_246' title='bbox 1482 4265 1596 4314; x_wconf 87' lang='lat'>338.</span> 
     </span>
     <span class='ocr_line' id='line_1_34' title="bbox 755 4337 2902 4409; baseline 0 -19"><span class='ocrx_word' id='word_1_247' title='bbox 755 4341 800 4394; x_wconf 83' lang='lat'>2.</span> <span class='ocrx_word' id='word_1_248' title='bbox 832 4341 954 4394; x_wconf 86' lang='lat' dir='ltr'>Hoc</span> <span class='ocrx_word' id='word_1_249' title='bbox 986 4358 1199 4395; x_wconf 86' lang='lat' dir='ltr'>carmen</span> <span class='ocrx_word' id='word_1_250' title='bbox 1229 4345 1471 4405; x_wconf 80' lang='lat' dir='ltr'>invenies</span> <span class='ocrx_word' id='word_1_251' title='bbox 1500 4345 1556 4394; x_wconf 89' lang='lat' dir='ltr'>in</span> <span class='ocrx_word' id='word_1_252' title='bbox 1583 4343 1948 4409; x_wconf 80' lang='lat' dir='ltr'>Epythomata</span> <span class='ocrx_word' id='word_1_253' title='bbox 1972 4343 2363 4408; x_wconf 78' lang='lat' dir='ltr'>grammaticae.</span> <span class='ocrx_word' id='word_1_254' title='bbox 2417 4340 2566 4393; x_wconf 80' lang='lat' dir='ltr'>Bibl.</span> <span class='ocrx_word' id='word_1_255' title='bbox 2615 4340 2746 4392; x_wconf 84' lang='lat' dir='ltr'>Nat.</span> <span class='ocrx_word' id='word_1_256' title='bbox 2781 4337 2902 4390; x_wconf 87' lang='lat' dir='ltr'>Inv.</span> 
     </span>
     <span class='ocr_line' id='line_1_35' title="bbox 662 4420 1189 4488; baseline -0.002 -13"><span class='ocrx_word' id='word_1_257' title='bbox 662 4420 800 4475; x_wconf 77' lang='lat'>2080.</span> <span class='ocrx_word' id='word_1_258' title='bbox 821 4421 901 4472; x_wconf 89' lang='lat' dir='ltr'>Cf.</span> <span class='ocrx_word' id='word_1_259' title='bbox 931 4422 1189 4488; x_wconf 86' lang='lat' dir='ltr'>Bibliogr.</span> 
     </span>
    </p>
   </div>
  </div>
 </body>
</html>
