3950 5975
1005 705 1178 764 -56-.

532 868 688 929 vaterem
713 864 972 959 privilegiorum
996 862 1166 942 regalium
1192 862 1446 933 Universitatis‚
1464 865 1500 924 et
1528 862 1662 941 quarto

432 993 437 1017 ¹
534 973 685 1036 octobris
702 972 767 1045 die,
778 974 857 1053 post
872 970 1080 1035 sententiam
1095 972 1229 1051 captam
1244 966 1663 1048 consiliariorumpraesi-
1700 961 1705 967 ’

504 1073 512 1161 j
536 1080 634 1142 dialis
655 1080 757 1153 sedis
773 1078 1007 1142 venditionem
1023 1078 1127 1156 fregit
1141 1080 1163 1139 ¹.
1180 1078 1276 1141 Unde
1292 1078 1375 1140 ortae
1386 1077 1467 1139 sunt
1480 1076 1664 1157 posterius

536 1204 634 1250 novae
650 1187 729 1249 lites
747 1205 754 1248 :
773 1186 832 1248 sed
852 1186 1001 1247 servavit
1017 1184 1201 1263 collegium
1220 1202 1321 1246 snum
1335 1183 1561 1247 Universitas.
1656 1209 1661 1226 ·

577 1360 580 1367 ,
598 1295 757 1356 Attamen
784 1310 893 1355 novus
923 1293 1051 1366 rector,
1068 1291 1230 1354 Nicolaus
1249 1293 1291 1354 de
1314 1292 1419 1366 Thau,
1442 1297 1571 1370 quarto
1591 1291 1663 1351 -die

539 1401 747 1473 novembris,
776 1401 810 1462 in
842 1400 988 1478 collegio
1003 1399 1190 1475 Glouterio,
1214 1398 1393 1477 gymnasio
1427 1398 1665 1477 331333333-

539 1508 691 1571 siarches
732 1508 902 1587 praeerat,
943 1506 1000 1569 nbi
1037 1507 1157 1570 sedem
1195 1506 1439 1570 Universitatis
1477 1505 1661 1585 posuerat,

538 1614 842 1694 congregationem
861 1613 979 1675 habuit
995 1636 1013 1669 «
1029 1629 1200 1696 consensu
1213 1629 1410 1691 procerum,
1427 1628 1468 1675 eo
1482 1613 1573 1691 quod
1584 1628 1662 1674 non

544 1724 619 1785 erat
643 1724 739 1785 tutus
769 1736 929 1783 accessus
955 1722 1044 1800 apud
1068 1720 1326 1796 Franciscancs,
1364 1736 1428 1781 nec
1454 1719 1489 1779 in
1521 1720 1670 1782 nostras.

540 1830 675 1891 scholas
686 1828 841 1907 publicas
858 1826 1664 1908 00333133(1311333133313133»,(3131131333

494 1952 495 1955 ’
541 1937 640 1998 aliam
657 1954 794 1998 causam
810 1934 1068 2011 destructionis,
1081 1952 1156 2013 quae
1170 1935 1240 1995 tam
1252 1934 1455 2013 frequenter
1468 1934 1503 1994 in
1514 1934 1674 1996 historia·

538 2044 756 2106 cadomensis
786 2042 1032 2104 Universitatis
1065 2042 1220 2121 apparet,
1250 2041 1465 2122 temporibus
1480 2042 1664 2121 prosperis

541 2168 617 2213 eam
639 2152 796 2222 turbans,
830 2150 1029 2227 temporum
1065 2149 1285 2211 turbatorum
1320 2149 1477 2211 miserias
1513 2166 1663 2227 gravans

541 2261 687 2339 pestem,
714 2259 763 2321 ita
786 2260 825 2321 ut
849 2260 985 2322 nomine
1003 2277 1065 2322 suo
1085 2262 1213 2323 malum
1226 2278 1401 2323 vocemus.
1422 2263 1521 2322 Nunc
1541 2261 1663 2323 urbem

539 2367 787 2446 populabatur:
809 2368 931 2429 eodem
958 2368 1013 2429 die
1043 2385 1110 2447 quo
1134 2368 1297 2431 Nicolans
1323 2369 1365 2430 de
1392 2367 1485 2429 Than
1510 2384 1664 2445 congre-

543 2472 672 2552 gationi
700 2474 942 2535 Universitatis
979 2463 1202 2553 praesidebat,
1241 2475 1490 2553 gubernatores
1530 2474 1662 2537 scabini
1705 2519 1709 2526 .

541 2582 756 2660 imperabant
798 2583 837 2643 ut
872 2582 1175 2661 praedicationibus
1205 2583 1383 2661 religionis
1408 2574 1602 2645 reformatae
1624 2585 1661 2644 et

543 2688 759 2751 sermonibus
778 2688 1026 2751 catholicorum
1045 2691 1329 2769 presbyterorum
1350 2691 1516 2769 populum
1530 2690 1662 2751 exhor-

540 2796 701 2858 tarentur
726 2796 768 2856 ad
798 2799 905 2858 Deum
932 2798 1143 2875 precandum
1173 2799 1212 2860 ut
1241 2797 1326 2859 iram
1354 2814 1451 2860 suam
1481 2796 1661 2862 retrabere

541 2901 647 2963 vellet
661 2902 684 2963 ³.
702 2902 775 2963 Alia
794 2902 1028 2981 congregatio,
1047 2906 1169 2967 eodem
1183 2904 1366 2976 manseio
1388 2879 1516 2966 aedibus
1538 2904 1663 2965 Marini

540 3011 691 3092 Viquetii
720 2993 836 3072 habita
864 3011 958 3072 suit:
1002 3029 1120 3074 meuse
1151 3013 1325 3075 februario
1353 3013 1480 3075 iterum
1509 3012 1650 3074 comitia

456 3124 458 3129 '
545 3117 722 3196 generalia
740 3120 829 3196 apud
852 3119 1099 3182 Franciscanos
1114 3119 1321 3182 habenturl.
1348 3124 1349 3127 ’

605 3226 692 3285 Urbs
719 3225 846 3296 tamen,
878 3243 967 3289 anno
996 3227 1167 3306 sequenti,
1197 3228 1361 3305 adjuvare
1394 3227 1664 3290 Universitatem

544 3332 663 3402 voluit,
680 3334 718 3393 ut
733 3349 752 3394 e
768 3333 825 3394 lue
841 3333 954 3396 exiret
968 3353 974 3408 ;
994 3335 1054 3396 sed
1068 3335 1144 3413 ipsa
1157 3336 1254 3414 peste
1266 3336 1412 3409 vastata,
1429 3335 1663 3398 taxationibus

547 3439 697 3516 gravata,
727 3456 795 3501 non
822 3441 988 3503 auxilium
1021 3459 1183 3520 magnum
1218 3440 1343 3504 afferre
1377 3443 1525 3522 poterat.
1555 3442 1664 3521 Aprili

548 3547 664 3608 autem
687 3564 817 3610 mense.
834 3548 869 3612 in
886 3548 985 3610 domo
1002 3549 1098 3610 urbis
1114 3549 1207 3610 inter
1222 3550 1352 3611 incolas
1369 3551 1404 3612 et
1420 3549 1663 3619 Universitatis

489 3700 491 3706 ,
547 3654 729 3732 deputatos
753 3655 856 3732 longa
881 3655 1083 3718 deliberatio
1108 3628 1224 3717 habita
1246 3656 1321 3728 fnit,
1352 3675 1454 3735 quam
1468 3659 1605 3736 pactum
1620 3654 1684 3719 de'

548 3752 718 3840 aliquibus
746 3761 883 3840 punctis
911 3763 1120 3827 terminavit.
1155 3763 1369 3825 Universitas
1401 3781 1484 3826 vero
1516 3765 1665 3844 privile-

550 3868 686 3946 giorum
711 3884 853 3938 suorum
879 3868 1064 3930 tuitionem
1089 3870 1157 3931 alta
1186 3887 1270 3932 voce
1299 3869 1428 3932 iterum
1458 3873 1663 3949 repetebat:

551 3993 626 4055 qua
648 3975 689 4036 us
718 3975 831 4036 cerata
855 3973 895 4041 ao
918 3977 1035 4038 secem
1059 3977 1300 4055 praesidialem,
1328 3980 1368 4040 ab
1391 3995 1432 4040 ea
1448 3963 1666 4056 juridictioni

549 4082 807 4164 privilegiorum
834 4083 1003 4160 regalium
1032 4085 1235 4146 transmissa
1249 4086 1335 4158 erat,
1361 4085 1394 4146 id
1411 4087 1464 4148 est
1481 4087 1599 4148 Garolo
1623 4088 1666 4150 de

550 4189 802 4267 Bourgueville,
820 4191 1070 4254 locumtenenti
1091 4192 1229 4264 baillivi,
1247 4193 1483 4255 conservatori
1499 4193 1667 4272 regalium

551 4297 822 4376 privilegiorum.
860 4297 922 4366 Qui
946 4298 1108 4377 praesedit
1137 4300 1397 4380 congregationi
1434 4301 1579 4378 ingenti,
1611 4301 1666 4362 cui

552 4403 735 4465 adsuerunt
765 4405 1016 4481 gubernatores
1047 4407 1177 4468 scabini
1212 4407 1325 4479 urbis,
1349 4408 1477 4481 rector,
1508 4407 1667 4468 doctores

552 4512 784 4590 regentesque
820 4513 1062 4590 Universitatis
1102 4517 1137 4578 et
1174 4515 1399 4586 thesaurarii,
1429 4515 1667 4594 parochiarum

570 4751 572 4758 ,
595 4702 625 4748 vl.
644 4699 751 4749 Extrait
766 4698 802 4749 du
818 4701 934 4764 registro
956 4701 992 4751 du
1011 4701 1337 4767 (33311313Μ113133111)Γ
1354 4703 1388 4754 de
1406 4702 1487 4766 Gaen,
1504 4705 1584 4754 doct.
1600 4703 1669 4752 1563.

555 4777 648 4844 (Areia.
663 4778 745 4842 0313,
760 4779 904 4846 1161011193
919 4781 963 4832 dea
976 4783 1061 4846 Arta.)

601 4858 779 4922 allectoria,
794 4877 822 4924 11,
835 4862 856 4911 f·
870 4864 927 4912 934.

600 4942 627 4990 3.
648 4941 801 5003 Braurona,
815 4942 895 4994 8181.

600 5023 623 5072 4,
640 5019 782 5086 1133103133,
796 5037 825 5086 11,
837 5023 858 5072 1⁶⁰
872 5025 925 5076 235.
