3950 5975
915 756 919 763 .
1008 664 1190 763 4-10-

548 847 890 934 consilium'vocavit,
912 866 1048 924 Bureau
1077 860 1192 923 autem
1216 858 1257 921 ad
1282 862 1442 939 Magnum
1466 863 1661 937 Consilium,

548 970 637 1048 quod
665 986 803 1048 semper
830 968 949 1030 audire
978 966 1194 1031 vocationem
1219 967 1367 1044 negavit,
1389 967 1463 1031 sine
1497 970 1599 1033 dubio
1621 972 1662 1034 de

546 1075 615 1140 ista
641 1076 702 1137 lite
724 1092 792 1151 non
820 1074 979 1153 judicare
1009 1090 1133 1137 curans
1156 1080 1177 1147 ¹,
1207 1072 1287 1151 quia
1323 1077 1459 1137 Bureau
1500 1076 1663 1140 adversus

547 1183 655 1245 totam
671 1181 938 1243 Universitatem
957 1181 1110 1245 vocabat.
1128 1180 1253 1241 Hostes
1270 1180 1385 1241 autem
1407 1181 1660 1257 Universitatis,

548 1288 578 1351 si
591 1288 824 1354 Lcsnauderie
843 1288 974 1363 credas,
993 1288 1104 1350 morta
1122 1284 1309 1349 miserabili
1326 1286 1491 1351 finierunt
1505 1287 1528 1348 ².

1084 1556 1127 1614 lv

606 1806 656 1866 lix
679 1802 744 1865 hac
768 1802 961 1866 certatione
979 1802 1176 1880 intelligere
1202 1806 1256 1865 est
1280 1822 1342 1867 cur
1366 1805 1579 1868 Universitas
1604 1822 1667 1886 per

546 1925 691 1989 regnum
708 1925 858 1987 sequeus
871 1911 941 1971 tam
957 1931 976 1965 e
991 1909 1159 1987 gallicano
1175 1931 1192 1966 »
1206 1910 1318 1974 animo
1333 1912 1474 1975 incensa
1489 1911 1615 1975 fuerit3
1631 1912 1666 1973 et

545 2014 654 2077 ouria
670 2032 820 2078 romanae
835 2014 1006 2077 inimicat.
1018 2018 1126 2084 Quum
1144 2020 1216 2079 Rex
1228 2017 1419 2081 Ludovicus
1436 2008 1664 2081 Duodecimus

547 2138 624 2183 cum
638 2121 730 2183 lulio
749 2139 838 2202 papa
852 2124 1001 2191 cenans,
1019 2138 1138 2185 omnes
1156 2111 1336 2203 episcopos
1352 2125 1394 2187 ad
1405 2118 1663 2187 Aurelianense.
1706 2207 1707 2210 Ἴ

546 2228 625 2318 post
647 2230 849 2291 Turonense
875 2226 1085 2299 convocavit,
1104 2230 1239 2307 posted
1262 2231 1504 2309 Lugdunense,
1519 2230 1602 2295 dein
1627 2230 1668 2293 ad

455 2408 458 2413 ,
546 2332 708 2397 Pisanum
741 2334 922 2396 consilium
957 2334 1156 2413 generale‚⁵
1178 2336 1391 2399 Universitas
1419 2336 1567 2407 videtur,
1598 2352 1667 2407 non

547 2456 648 2501 secus
687 2457 727 2501 ac
766 2440 953 2520 provinciae
985 2440 1150 2521 episcopi,
1189 2442 1361 2507 Ludovico
1394 2444 1510 2507 lavere
1548 2443 1669 2505 contra

545 2546 765 2625 pontificem:
776 2547 892 2609 forsan
908 2547 1012 2625 Regis
1029 2539 1194 2611 auxilium
1216 2549 1414 2628 sibiparare
1425 2549 1561 2613 volebat
1575 2567 1582 2623 ;
1594 2553 1668 2613 Rex

547 2650 684 2731 quidem
699 2653 920 2733 «privilegia,
932 2654 1172 2733 praerogativa,
1190 2654 1394 2717 franchisias
1410 2659 1445 2719 el
1460 2656 1668 2719 libertates»

547 2759 637 2823 sicut
652 2760 728 2821 aliis
744 2760 1032 2844 Universitatibus
1052 2762 1152 2839 regni
1167 2761 1278 2823 nostri
1293 2762 1501 2826 confirmati.
1520 2763 1668 2825 Univer-

547 2867 630 2928 sitas
643 2868 775 2945 legatos
796 2866 889 2928 misit
906 2868 1057 2947 quinque
1071 2869 1284 2947 Lugdunum,
1301 2871 1424 2947 postea
1440 2871 1525 2932 duos
1548 2870 1668 2933 saltem

547 2973 653 3046 Pisas,
670 2974 888 3036 Guillelmum
911 2975 952 3036 de
968 2975 1001 3036 la
1021 2975 1145 3046 Laude,
1168 2975 1202 3036 in
1221 2993 1319 3039 sacra
1339 2975 1464 3056 pagina
1478 2976 1666 3050 doctmem,

547 3084 582 3142 et
604 3081 709 3142 Adam
737 3084 784 3141 La
812 3084 964 3160 Longny,
990 3081 1024 3142 in
1055 3083 1196 3144 decreto
1224 3083 1413 3154 doctorem,
1444 3083 1668 3166 principalem

548 3187 683 3265 collegii
699 3187 873 3249 Olouterii.
895 3188 953 3266 qui
981 3188 1129 3250 rectoris
1152 3206 1297 3251 munere
1318 3191 1396 3250 1506
1417 3206 1506 3252 anno
1532 3189 1668 3250 iunctus

547 3296 623 3356 erat
637 3293 659 3351 ⁷.
688 3294 899 3355 Universitas
916 3310 1053 3373 quoque
1078 3295 1278 3374 episcopum
1298 3297 1547 3358 Lexoviensem
1576 3295 1670 3372 adju-

546 3401 675 3464 torium
692 3419 791 3462 suum
818 3402 1000 3478 rogaverat
1015 3403 1053 3462 ut
1077 3401 1111 3460 in
1127 3402 1270 3464 consilio
1295 3419 1352 3463 res
1378 3419 1456 3463 suas
1471 3400 1666 3464 lucratum:

547 3509 697 3590 quinque
714 3510 853 3569 centum
874 3509 1071 3570 francorum
1092 3509 1213 3570 saltem
1239 3510 1279 3570 ad
1293 3509 1418 3571 viatica
1432 3509 1685 3587 delegatorum-

594 3752 618 3799 1.
645 3747 877 3809 Matrol.‚r332.

594 3831 616 3878 2.
633 3828 714 3889 Iota,
736 3828 760 3876 40
777 3830 832 3877 331.
853 3828 938 3888 Unus,
962 3828 990 3876 in
1013 3843 1091 3877 coena
1114 3828 1240 3878 rectorali
1264 3828 1383 3890 aliquam
1407 3827 1505 3877 malam
1535 3827 1671 3890 potionem

546 3910 657 3970 bibisse,
682 3909 751 3958 alter
777 3909 847 3958 malo
870 3909 941 3970 quod
959 3913 1026 3958 tune
1047 3907 1188 3958 dicebatur
1209 3908 1338 3972 gallicum
1357 3908 1384 3958 in
1405 3907 1493 3969 Italia,
1508 3907 1629 3970 italicum
1643 3906 1671 3956 in

547 3989 646 4051 Gallia,
667 3988 798 4039 cecidisse
812 3989 926 4039 videtur.

592 4071 620 4118 3.
638 4085 674 4118 os
683 4084 719 4118 cn
731 4068 799 4129 Rue,
811 4068 915 4129 Erectis,
928 4084 947 4130 r,
963 4070 1018 4118 139.

592 4152 616 4199 4.
630 4150 758 4200 Attamen
772 4148 894 4212 pontifex
908 4148 1063 4208 Alexander
1080 4148 1186 4210 Sextus,
1200 4148 1277 4198 bulla
1295 4149 1360 4198 data
1380 4153 1476 4210 quarto
1493 4147 1671 4198 kalendarum

547 4230 647 4293 aprilis,
662 4230 779 4292 collegio
802 4235 906 4292 septem
930 4229 1070 4280 doctorum
1092 4229 1120 4278 in
1134 4229 1197 4292 jure
1221 4228 1351 4279 canonico
1374 4234 1401 4279 et
1430 4228 1503 4278 civili
1519 4226 1671 4290 regentium

548 4324 652 4371 causas,
661 4325 728 4372 quas
741 4316 945 4360 conservatores
960 4308 1141 4359 ecclesiastici
1161 4309 1285 4372 judicare
1306 4314 1354 4359 aut
1377 4309 1515 4372 negabant
1532 4312 1580 4358 aut
1597 4305 1671 4358 diffo-

546 4391 650 4452 rebant‚
662 4390 801 4440 tribuerat.
815 4388 905 4451 (Arcti.
922 4389 1013 4448 Gala,
1025 4389 1058 4438 D.
1070 4391 1108 4450 23,
1127 4389 1166 4439 ed.
1178 4386 1274 4442 Be'net.
1288 4405 1306 4450 1,
1318 4390 1370 4443 39;.

594 4472 616 4520 5.
634 4469 829 4537 (li-Sannum,
846 4469 884 4518 Le
905 4469 1004 4518 concile
1021 4468 1052 4518 de
1070 4468 1142 4518 Pisa.
1161 4469 1264 4530 (Revue
1280 4469 1328 4519 des
1345 4470 1484 4532 questions
1498 4466 1669 4529 historiques,

547 4555 569 4600 t.
585 4549 710 4612 XXXIV,
724 4568 749 4614 p.
765 4548 829 4603 424.)

594 4633 620 4679 6.
637 4630 829 4681 confirmation
843 4630 891 4680 des
909 4629 1056 4692 privileges
1079 4629 1112 4678 de
1127 4629 1314 4680 l'Universite.
1335 4630 1450 4682 Donnes
1465 4631 1482 4678 a
1496 4626 1671 4678 Montila-lez-

550 4711 636 4761 Tours
654 4727 689 4760 au
712 4711 778 4761 mois
794 4710 827 4760 de
842 4711 1004 4773 septembre,
1025 4709 1079 4759 l‘an
1098 4710 1131 4760 de
1149 4725 1230 4773 grace
1245 4709 1292 4760 mil
1308 4710 1370 4774 cinq
1385 4714 1447 4760 cent
1469 4713 1496 4760 et
1510 4707 1564 4758 dix.
1581 4705 1670 4770 (Arcti.

551 4790 635 4850 Uala,
649 4790 682 4840 D.
697 4792 735 4850 34,
752 4789 791 4840 ed.
803 4790 898 4851 Benet,
910 4805 928 4851 1,
940 4790 990 4850 54.)
1567 4783 1571 4786 ’

581 4872 604 4919 l.
617 4870 855 4921 «procuratorium
863 4867 1055 4920 Universitatis
1063 4885 1110 4932 pro
1121 4870 1209 4921 eundo
1218 4869 1253 4920 ad
1262 4869 1427 4922 concilium.»
1440 4865 1571 4932 (Moirai,
1580 4867 1602 4916 f⁰
1610 4865 1672 4932 135).

552 4940 590 4998 df.
607 4950 641 5000 de
652 4950 681 5000 la
692 4950 759 5012 Rue,
774 4950 869 5000 Essais
882 4949 1049 5014 historiques,
1064 4966 1084 5014 1,
1104 4952 1157 5000 151.

567 5020 571 5024 ’
598 5031 624 5079 8.
644 5029 796 5095 Matroloq,
812 5030 830 5080 1ο
844 5032 898 5081 314.
