3950 5975
2030 742 2347 802 —96—

1071 901 1472 966 Cadomensi
1525 899 1794 963 baillivo
1851 901 1970 962 aut
2031 898 2183 978 ejus
2266 900 2746 979 vicesgerante
2814 899 2966 963 1532
3026 903 3098 963 et
3167 899 3327 963 1535

1070 1024 1275 1081 anno,
1309 1024 1581 1087 quoque
1613 1024 1790 1069 anno
1823 1007 2031 1080 fient;
2065 1007 2135 1068 in
2169 1007 2301 1069 illis
2343 1011 2914 1071 conventionibus
2950 1011 3327 1071 dicandum

1070 1117 1220 1177 erat
1251 1116 1431 1195 quod
1463 1132 1710 1177 munus
1743 1114 2034 1195 quisque
2065 1114 2398 1192 magister
2425 1119 2818 1179 mereretur
2854 1119 2890 1175 ².
2930 1119 3319 1179 Praiterea:

1070 1245 1105 1278 «
1144 1223 1207 1284 le
1238 1222 1443 1299 bailly
1491 1222 1574 1284 de
1628 1225 1830 1296 caen,
1889 1223 2389 1285 conservateur
2446 1223 2565 1288 des
2622 1223 2994 1303 privileges
3054 1239 3323 1299 rufaus

1070 1346 1157 1391 ou
1194 1344 1318 1391 son
1350 1329 1735 1391 lieutenant
1765 1329 1835 1390 et
1876 1329 2077 1392 notre
2117 1345 2509 1408 procureur
2537 1331 2722 1391 audit
2754 1331 2890 1391 lieu
2926 1331 3327 1391 s'infnrnie-

1070 1438 1231 1497 ront
1264 1435 1740 1514 diligemment
1784 1435 1903 1497 des
1956 1436 2519 1498 contraventions
2578 1455 2658 1499 au
2716 1439 3002 1515 present
3058 1439 3323 1515 reigle-

1069 1543 1280 1614 ment,
1316 1544 1386 1604 et
1433 1542 1490 1602 si
1538 1542 1777 1604 besoin
1815 1560 1858 1619 y
1906 1544 2035 1614 est,
2089 1544 2515 1621 envoyeront
2565 1543 2934 1603 memnii-as
2994 1551 3030 1603 a
3078 1547 3319 1607 flustra

1066 1665 1459 1729 procureur
1514 1649 1797 1727 general
1882 1666 2048 1711 avec
2102 1649 2678 1711 advertissemeut
2750 1651 2874 1711 des
2962 1651 3319 1711 occasions

1071 1757 1239 1819 dont
1267 1757 1470 1818 telles
1500 1757 1721 1818 fantes
1755 1757 1994 1819 seront
2025 1757 2431 1836 procedeeS‚
2478 1757 2610 1818 afin
2646 1759 2746 1835 ιῑ1’;ξ.ῃ
2782 1759 2970 1819 estre
3006 1775 3319 1839 puurreu

1069 1881 1196 1944 par
1253 1864 1490 1925 nostre
1549 1863 1688 1926 dite
1750 1866 1930 1925 Cour
1957 1862 2006 1923 ².
2049 1885 2084 1918 »
2141 1863 2309 1926 Dein
2369 1864 2626 1927 statuta
2686 1867 2978 1943 legenda
3034 1871 3191 1927 suut
3251 1867 3319 1927 in

1071 1986 1343 2049 quoque
1396 1969 1688 2047 collegio
1741 1969 1843 2031 bis
1893 1986 2023 2048 per
2071 1987 2347 2042 annum,
2391 1970 2461 2032 et
2501 1971 2734 2033 rector
2762 1987 2846 2035 ea
2890 1971 3026 2051 lagi
3058 1971 3320 2047 jubebit

1073 2077 1141 2138 in
1200 2077 1740 2155 congregatione
1800 2076 2111 2155 generali
2170 2096 2319 2156 quae
2391 2079 2618 2140 Sancti
2701 2079 2998 2155 Diniiffsii
3070 2079 3319 2139 fastum

1078 2185 1454 2262 sequetur:
1514 2208 1548 2239 «ι
1582 2185 1660 2244 Et
1714 2183 1815 2244 s'il
1873 2184 1980 2246 est
2034 2186 2281 2246 trouve
2340 2184 2501 2263 qu'il
2557 2203 2598 2261 3*
2654 2187 2746 2247 ait
2802 2187 3319 2247 uniitraveutinu

1083 2290 1321 2353 serent
1389 2290 1825 2352 admonestez
1880 2291 1982 2352 les
2047 2291 2582 2353 contrevenants
2642 2307 2730 2355 uu
2789 2291 3171 2371 negligants
3243 2291 3319 2355 tls

1088 2398 1322 2459 mieux
1365 2397 1535 2459 faire
1593 2402 1632 2458 a
1691 2397 2021 2459 l'advenir
2081 2414 2243 2460 sous
2305 2398 2406 2459 les
2464 2398 2706 2477 peinfls
2758 2415 2842 2459 au
2886 2415 2998 2459 nas
3050 2403 3327 2479 aparte—

1093 2506 1257 2565 nant
1286 2504 1331 2565 ³.
1375 2526 1403 2561 »
1438 2504 1530 2564 Ad
1566 2521 1905 2566 summum
1929 2504 2285 2583 egregium
2331 2504 2462 2566 hoc
2493 2507 2822 2567 statutum
2862 2507 3323 2567 testimonium

1093 2611 1228 2672 erit
1284 2610 1639 2689 sapientiae
1695 2611 2135 2673 Normanniae
2198 2611 2431 2686 Curiae,
2494 2615 2674 2692 quud
2746 2631 2918 2691 opus
2978 2615 3323 2691 incaptum

1094 2734 1270 2779 anno
1306 2718 1455 2779 1521
1487 2718 1950 2797 prosequitur.

1211 2826 1544 2887 Notemus
1589 2827 1820 2887 autem
1853 2825 2022 2888 illud
2074 2825 2433 2887 decretum
2478 2842 2614 2887 nou
2666 2827 2882 2887 videri
2934 2827 3155 2891 sulum
3199 2847 3327 2907 qua

1092 2931 1244 2993 dam
1314 2948 1490 2994 nova
1554 2930 1914 3011 disciplina
1999 2948 2312 3012 novaque
2397 2933 2714 2996 doctrina
2786 2936 3118 2996 imbutum
3195 2952 3327 3012 qun

1094 3039 1519 3100 Universitas
1553 3041 1894 3118 resurgat,
1945 3039 2142 3101 nobis
2180 3041 2424 3101 contra
2451 3039 2726 3104 videtur
2774 3060 2930 3104 esse
2978 3040 3323 3104 catholica!

1093 3144 1603 3208 reformationis
1664 3146 1894 3207 mente
1952 3145 2351 3207 animatum.
2404 3146 2914 3208 parlamentum
2970 3148 3327 3208 Rutlinuia-

1093 3268 1305 3330 gense
1337 3251 1404 3312 in
1457 3251 1587 3314 hoc
1636 3253 1894 3314 statuto
1932 3251 2285 3319 nititur.ad
2326 3252 2482 3314 fidei
2534 3254 2886 3316 catholicae
2946 3256 3010 3316 et
3062 3272 3331 3332 qunque

1093 3358 1523 3420 auctoritatis
1555 3359 1807 3436 regalis
1831 3359 2413 3422 restaurationem
2444 3377 2642 3439 quanti
2678 3360 3018 3424 Hfflirisus
3046 3368 3331 3428 Quat-ius

1093 3464 1409 3544 perficiet
1438 3464 1508 3526 in
1548 3482 1767 3543 regno
1804 3482 1950 3527 suo.

2179 3737 2263 3794 IV

1216 3981 1449 4042 Tertia
1480 3982 1550 4042 et
1579 3980 1844 4043 decima
1875 3981 2287 4061 septembris
2321 3983 2626 4059 ejusdem
2674 3984 2854 4056 annii
2886 3984 3335 4044 Cailuiuenses

1099 4087 1354 4149 scabini
1389 4088 1848 4152 decreverunt
1881 4092 2295 4152 conventum
2328 4092 2718 4167 generalem
2746 4092 3131 4152 hubaudum
3155 4104 3331 4160 esse,

1095 4193 1164 4254 iu
1199 4210 1332 4272 quo
1366 4195 1792 4256 tractaretur
1825 4213 1977 4257 cum
2011 4196 2408 4258 doctoribus
2441 4196 2982 4276 rege-litibusque
3018 4196 3102 4256 tie
3135 4212 3335 4256 exse-

1099 4300 1377 4362 cutione
1440 4301 1704 4364 decreti
1763 4303 2215 4364 parlamenti:
2278 4303 2634 4381 professor
2694 4304 2922 4380 legum
2982 4307 3343 4380 peteretur

1098 4408 1383 4470 Parisiis
1416 4409 1524 4469 via
1554 4408 1945 4471 affixionum
1977 4409 2021 4470 ¹⁶.
2061 4410 2183 4477 Qui
2230 4413 2610 4472 conventus
2654 4412 2926 4472 habitus
2982 4416 3086 4472 est
3135 4412 3343 4472 tssrlin

1100 4518 1169 4578 et
1225 4515 1554 4577 vicesimo
1613 4516 1722 4577 die
1791 4517 2202 4594 septembris
2257 4535 2269 4590 ;
2336 4517 2405 4577 in
2471 4535 2602 4594 qun
2666 4516 3022 4580 [lusi-etum
3082 4520 3211 4580 suit
3271 4520 3343 4580 ut

1099 4623 1591 4685 institueretur
1645 4623 1713 4683 in
1774 4623 2236 4686 Universitate
2308 4624 2948 4686 mathematiuuruin
3022 4624 3347 4688 uatliedra

1195 4843 1238 4893 1.
1267 4843 1381 4893 Art.
1405 4845 1481 4892 39.

1194 4926 1238 4972 2².
1271 4924 1385 4972 Art.
1427 4925 1506 4972 40.

1193 5004 1239 5052 3.
1270 5003 1382 5052 Art.
1415 5005 1492 5052 41.

1193 5085 1238 5131 4.
1267 5082 1428 5133 Arch.
1463 5099 1672 5145 comm.,
1698 5083 1760 5133 R.
1781 5084 1853 5133 H.
1889 5084 1984 5147 V.,
2010 5101 2054 5136 c.
2076 5087 2150 5145 27,
2182 5086 2222 5134 f⁰
2246 5088 2329 5135 43.
