3950 5975
810 724 983 786 mgg..

339 880 486 943 defendu
511 881 636 945 laisser
668 884 775 947 sortir
805 902 917 948 aucun
942 885 1103 959 escolier‚
1130 903 1210 947 sans
1232 887 1264 949 le
1288 890 1398 967 conge
1422 889 1459 951 et
1540 891 1545 897 '

337 987 544 1065 permission
560 990 656 1052 dudit
671 989 851 1071 principat
870 993 983 1071 lequel
1001 993 1187 1072 regardera
1212 997 1232 1055 a
1254 1011 1298 1055 ne
1326 995 1480 1057 donner

337 1094 420 1155 ledit
436 1100 546 1174 conge
562 1114 641 1158 sans
657 1114 760 1159 cause
776 1098 995 1161 raisonnable
1009 1099 1028 1161 ¹.
1047 1122 1065 1156 »
1081 1103 1098 1159 J
1102 1117 1156 1161 am
1170 1116 1253 1162 vero
1272 1100 1354 1161 anni
1368 1102 1457 1174 1521,

337 1200 516 1263 decretum
543 1203 680 1266 choreis
708 1206 743 1266 et
770 1204 805 1266 in
835 1205 910 1269 loco
935 1206 1073 1286 publico
1097 1206 1187 1269 ludis
1206 1206 1456 1280 interdixerat;

336 1307 472 1371 theatro
490 1310 605 1371 autem
620 1309 807 1389 discipulos
824 1328 860 1375 se
876 1312 958 1375 dare
974 1330 1066 1375 nunc
1081 1313 1131 1376 fas
1148 1313 1246 1376 est²z
1269 1339 1283 1370 «
1301 1314 1341 1375 Et
1358 1316 1459 1393 quel-

337 1415 469 1495 qnefois
480 1414 614 1479 l'annee
630 1416 821 1481 recitarunt
833 1420 1010 1497 eglogues,
1026 1419 1213 1499 dialogues,
1229 1420 1402 1484 comedies
1414 1438 1458 1483 ou

335 1522 521 1600 tragedias,
552 1524 738 1603 lesquelles
765 1525 932 1587 toutefois
963 1542 1007 1588 ne
1036 1526 1280 1590 contiendront
1323 1544 1457 1589 aucune

336 1628 511 1700 lascivete,
540 1629 679 1693 villenie
715 1631 750 1692 ui
785 1632 946 1694 scandale
981 1633 1102 1695 contre
1131 1650 1243 1695 aucun
1273 1634 1380 1705 estat,>
1414 1651 1458 1696 ou

336 1752 508 1814 personne
533 1754 594 1799 sur
610 1737 713 1817 peine
733 1738 774 1800 de
799 1738 957 1817 punition
974 1741 1169 1818 corporelle
1193 1757 1237 1802 ou
1259 1740 1457 1820 reparation

335 1843 418 1905 telle
433 1860 500 1922 que
515 1860 558 1905 au
578 1860 635 1905 cas
658 1845 901 1924 appartiendra
915 1845 974 1907 »³2
993 1846 1082 1925 quod
1099 1846 1267 1909 monitum
1281 1845 1456 1926 posterius

334 1953 352 2009 J
356 1950 475 2013 esuitae
488 1950 626 2029 collegii
645 1952 798 2014 Montani
815 1952 912 2015 obliti
924 1954 1080 2041 fuerunt.
1481 1953 1483 1957 ’

395 2046 555 2120 Habitum
585 2074 668 2120 vero
708 2058 891 2141 sordidum·
908 2076 986 2122 esse
1015 2060 1211 2122 nonlicet:
1250 2076 1369 2123 omnes
1398 2060 1457 2140 qui

334 2180 521 2244 puerorum
535 2164 806 2244 disciplinaetum
818 2167 1013 2233 studebant
1027 2184 1088 2229 seu
1099 2166 1277 2229 catholicae
1288 2165 1379 2239 fidei,
1393 2184 1455 2229 seu

337 2271 495 2350 religioni
515 2272 712 2335 reformatae
732 2272 837 2335 dediti
854 2273 963 2347 erant,
981 2272 1225 2352 negligentiam
1243 2291 1318 2353 quae
1335 2273 1456 2337 dehac

263 2398 266 2402 ⁴
336 2396 374 2441 re
397 2378 521 2458 saepius
546 2379 659 2442 medio
680 2396 752 2442 aevo
772 2379 807 2441 in
832 2380 987 2459 collegiis
1002 2379 1194 2452 videbatur,
1216 2380 1458 2459 vituperabant

336 2502 374 2548 ac
388 2486 569 2549 vetabant:
587 2508 604 2543 ι
619 2486 659 2547 nt
688 2502 754 2567 que
780 2487 831 2549 les
856 2486 1023 2549 escoliers
1039 2488 1281 2565 neporterout
1302 2477 1385 2549 dans
1403 2488 1454 2551 les

336 2594 486 2671 colleges
529 2592 707 2673 chapeaux
743 2593 777 2655 ni
812 2594 998 2656 manteaux
1033 2610 1112 2655 sans
1148 2594 1321 2670 manches,
1367 2595 1453 2656 mais

323 2701 460 2764 ‚aurunt
480 2701 603 2763 bonets
625 2701 730 2763 ronds
746 2716 790 2763 ou
811 2701 955 2779 torques
972 2702 1007 2764 et
1023 2702 1148 2763 robbes
1171 2717 1215 2763 ou
1238 2702 1458 2764 manteauxa

335 2808 497 2869 manches
511 2809 651 2870 vestues
676 2824 720 2870 ou
737 2812 888 2886 passeeS,
906 2824 988 2870 avec
1002 2809 1046 2869 la
1060 2807 1218 2871 ceinture
1232 2825 1297 2887 par
1311 2808 1433 2871 dessus
1443 2806 1455 2882 ’;

334 2915 368 2977 et
394 2931 437 2977 ne
464 2914 649 2977 laisseront
672 2916 722 2977 les
746 2914 813 2978 dits
837 2914 1199 2995 principaulx'entrer
1219 2932 1287 2977 aux
1302 2915 1454 2994 colleges

336 3040 465 3086 aucuns
488 3022 628 3100 regente
645 3039 689 3085 ou
705 3023 871 3085 escoliers
887 3039 929 3086 en
953 3013 1069 3084 habits
1084 3021 1295 3084 indeceutsfl
1307 3045 1324 3078 »
1340 3024 1458 3085 Paeda-

335 3131 432 3210 gogis
453 3147 543 3210 saepe
570 3129 605 3191 in
631 3129 778 3208 collegio
803 3129 948 3192 comites
970 3129 1124 3208 sociique
1150 3132 1250 3192 erant
1271 3129 1328 3208 qui
1353 3130 1456 3192 disci-

335 3233 436 3316 plinae
447 3253 583 3316 quoque
600 3235 914 3300 submittebautur5
934 3236 1180 3315 Magistrorum
1194 3238 1309 3298 autem
1319 3235 1456 3298 habitus

336 3362 376 3406 ac
387 3343 535 3406 vestitus
552 3343 694 3406 decreto
707 3344 766 3406 illo
783 3342 1037 3405 instituuntur⁶
1053 3361 1059 3403 :
1077 3365 1095 3400 «
1115 3347 1220 3405 Iceux
1234 3343 1453 3422 principaulx

335 3451 369 3513 ct
385 3452 526 3529 regents
542 3450 738 3512 residerent
748 3450 831 3511 dans
854 3451 947 3512 leurs
964 3450 1128 3526 collegae,
1147 3466 1225 3510 sans
1241 3449 1407 3527 divaguer
1422 3449 1458 3510 ni

335 3557 486 3622 coucher
500 3553 638 3629 debers,
656 3558 691 3619 et
702 3557 894 3637 prendront
909 3557 1004 3618 leurs
1021 3573 1132 3634 repas,
1150 3572 1283 3618 comme
1300 3555 1391 3616 aussi
1406 3557 1456 3618 les

336 3665 514 3737 escoliers‚
537 3681 579 3726 eu
599 3665 632 3725 la
647 3665 731 3727 salle
752 3666 786 3726 et
800 3665 893 3728 table
913 3679 1108 3734 commune,
1131 3662 1159 3723 si
1183 3663 1458 3725 commodement

336 3771 420 3832 faire
447 3787 484 3834 se
509 3772 593 3850 peut
612 3769 634 3831 7.
660 3793 678 3827 »
699 3770 905 3833 Necessario
925 3786 993 3832 non
1015 3769 1149 3832 uxorati
1174 3770 1277 3830 erunt
1301 3769 1458 3847 magistri

335 3895 374 3940 ac
389 3876 597 3958 principales
612 3876 647 3962 ⁸³.
660 3900 678 3934 «
698 3878 756 3938 Est
771 3876 929 3939 deffendu
946 3875 1075 3938 ausdits
1097 3875 1302 3956 principans
1315 3892 1358 3938 ue
1373 3892 1459 3954 per-

380 4111 402 4160 1.
418 4108 475 4160 Art.
496 4110 532 4158 17.
555 4107 598 4158 Cf.
616 4108 782 4170 Quisnam,
798 4107 837 4157 Le
854 4107 956 4171 Oolltgc
971 4105 1179 4167 Solate-Barba
1192 4121 1223 4167 11,
1240 4107 1296 4156 115.

380 4192 403 4239 2.
419 4189 451 4239 In
467 4190 568 4240 honore
589 4193 654 4238 tunc
668 4188 820 4239 habebatur
834 4188 970 4238 theatrum
988 4203 1005 4238 a
1018 4186 1216 4250 professoribus
1234 4186 1457 4249 scholaribusque

332 4269 536 4331 Universitatis;
548 4269 668 4319 Jacobus
686 4267 871 4331 Oahagnesius
884 4268 955 4318 enim
970 4266 1094 4330 quaedam
1111 4281 1196 4330 opera
1212 4267 1309 4329 quibus
1324 4267 1457 4317 Plautum

333 4349 489 4400 imitabatur
508 4353 719 4412 composuerat:
737 4351 850 4411 quoium
870 4363 995 4411 personae
1018 4346 1059 4397 his
1079 4346 1157 4400 aunis
1176 4346 1234 4396 sine
1249 4347 1331 4397 dubio
1348 4362 1364 4395 a
1379 4347 1457 4410 jure-

332 4430 412 4480 nibus
427 4428 538 4480 Oudomi
552 4428 711 4492 optimarum
726 4429 846 4491 gentium
863 4427 1055 4478 Universitatis
1072 4425 1240 4476 scholaribus
1253 4432 1323 4476 actm
1337 4426 1456 4476 fuerunt.

334 4511 401 4570 erae
416 4524 498 4577 opera
510 4509 537 4558 in
550 4509 593 4558 Ma
606 4508 769 4572 Oahagnesii
784 4508 967 4569 inveniuntur,
982 4512 1010 4558 et
1024 4522 1041 4558 a
1054 4506 1085 4556 A.
1099 4506 1206 4556 Gnate«
1220 4506 1259 4556 Le
1274 4505 1374 4556 theatra
1388 4504 1457 4556 dous

334 4589 507 4640 l'Uuiverss'le
521 4589 553 4639 dc
570 4588 642 4639 Gaea
658 4608 669 4633 s
686 4588 760 4639 edita
776 4589 895 4638 fuerunt.

381 4671 403 4720 3.
420 4669 465 4720 Ar.
482 4671 518 4720 13.

380 4751 403 4799 4.
420 4747 477 4800 Art.
495 4751 532 4800 14.

381 4830 404 4878 5.
420 4827 491 4879 Iota.

381 4910 404 4960 6.
421 4907 478 4959 Art.
491 4911 517 4959 8.

381 4989 403 5039 7.
420 4988 477 5039 Art.
491 4991 518 5039 l.

381 5069 404 5119 8.
423 5067 479 5119 Art.
496 5070 518 5120 2.
