3950 5975
1035 728 1189 791 ,4-

549 892 740 959 Ludovicus
764 894 872 973 igitur
895 890 999 955 istam
1021 888 1300 964 Universitatem,
1327 908 1402 969 quae
1427 910 1447 953 a
1468 891 1567 970 patre
1593 894 1668 969 ejus

547 1004 667 1066 Carolo
696 1000 825 1081 gratias
852 1015 921 1063 non
946 999 1097 1062 libenter
1121 1014 1304 1059 concessas
1338 999 1446 1062 solum
1475 1001 1668 1079 receperat,

548 1126 687 1191 semper
702 1111 799 1171 tutus
815 1122 894 1171 esse
910 1106 1059 1169 videtur.
1079 1106 1153 1167 1471
1176 1120 1275 1175 auno,
1297 1106 1338 1166 ad
1358 1106 1519 1183 Magnum
1549 1104 1671 1169 Consi-

547 1217 631 1280 lium
644 1217 765 1279 evocat
777 1233 916 1279 causam
930 1212 1047 1275 bidelli
1064 1210 1215 1284 Milcent‚
1231 1228 1333 1290 quem
1347 1212 1451 1273 talliae
1466 1212 1669 1275 submittere

506 1318 512 1326 ’
546 1321 766 1403 parrochiani
790 1306 905 1383 Sancti
929 1319 1024 1383 Petri
1050 1317 1206 1383 ecclesiae
1230 1319 1436 1395 volebant13
1462 1319 1511 1381 ita
1532 1318 1666 1399 quidem

547 1422 632 1485 duos
647 1420 727 1500 post
743 1437 862 1495 anuos²
885 1416 1106 1499 privilegium
1129 1417 1251 1478 tuetur
1269 1416 1385 1479 nuncii
1401 1417 1515 1479 Sancti
1531 1417 1668 1479 Martini

546 1529 588 1590 de
611 1528 733 1607 Aquila
750 1543 852 1606 quem
877 1526 999 1587 incolae
1025 1523 1128 1601 hujus
1158 1522 1271 1601 oppidi
1294 1524 1416 1586 taxare
1439 1524 1622 1586 voluerant
1642 1522 1666 1584 ².

544 1634 748 1696 Jamdudum
772 1632 864 1694 euim
889 1630 1115 1693 Universitati
1136 1628 1338 1693 certandum
1353 1631 1428 1692 erat
1444 1648 1522 1692 cum
1545 1628 1667 1693 incolis

544 1739 629 1820 ipsis
654 1736 800 1812 cadomi,
824 1738 882 1818 qui
917 1735 1104 1817 suppositis
1135 1734 1361 1816 privilegiatis
1404 1736 1668 1817 praesertimque

544 1846 753 1910 immunibus
769 1845 978 1907 invidebant.

1209 1980 1216 2009 l

1089 2097 1119 2155 II

602 2348 670 2407 Sub
704 2345 819 2408 saeculi
849 2341 1085 2423 quintidecimi
1113 2342 1229 2405 autem
1254 2342 1322 2405 fine
1355 2343 1390 2405 et
1418 2343 1508 2427 sexti
1542 2342 1666 2405 decimi
1722 2406 1724 2415 ,

543 2452 910 2524 exordi0,nons01um
931 2452 971 2512 ab
992 2450 1059 2511 illis
1084 2449 1241 2512 hostibus
1256 2450 1338 2511 laesa
1359 2448 1423 2511 fuit
1438 2448 1664 2523 UniversitaS,

543 2576 664 2621 verum
697 2558 802 2621 etiam
830 2576 850 2619 a
877 2555 974 2620 novis
1002 2554 1245 2619 infensissimis
1285 2555 1433 2635 quidem,
1467 2554 1502 2618 id
1529 2557 1593 2629 est,
1625 2558 1665 2618 ab

543 2665 714 2745 episcopis
734 2666 920 2727 dioecesum
935 2663 1219 2743 propinquarum.
1237 2662 1290 2724 Illi
1316 2662 1407 2725 euim
1427 2662 1663 2736 Universitati‚

542 2774 593 2851 ut,
618 2790 683 2851 per
704 2771 854 2835 medium
878 2788 999 2843 aevum,
1018 2769 1092 2831 aliis
1110 2768 1346 2833 celeberrimis
1363 2769 1662 2844 Universitatibus‚

541 2875 793 2950 Aurelianensi,
824 2874 1083 2956 Monspelieusi,
1123 2876 1182 2938 aut
1212 2876 1272 2939 illo
1312 2877 1471 2957 tempore
1505 2877 1666 2961 Andegaf

539 2970 636 3051 vensi
660 3005 728 3050 uon
751 3005 829 3050 cum
849 2984 1012 3065 episcopo
1039 3002 1108 3048 uuo
1132 2986 1279 3066 patrono
1305 2986 1365 3048 sed
1399 3003 1490 3066 saepe
1515 3003 1663 3066 quoque,

540 3097 642 3159 hoste
669 3094 780 3156 Studii
809 3093 1009 3156 certandum
1037 3093 1121 3156 luit:
1140 3111 1245 3172 quum
1268 3092 1404 3157 Oadomi
1432 3107 1500 3156 nou
1526 3093 1664 3157 sederet

540 3202 736 3281 episcopus
768 3199 992 3263 Lexorieusis
1023 3201 1056 3262 et
1084 3199 1295 3276 Bajoceusis,
1334 3199 1392 3278 qui
1421 3200 1662 3263 Universitatis

540 3308 698 3372 officiarii
720 3308 830 3381 erant,
857 3308 896 3368 ut
920 3306 1078 3379 vidimus,
1096 3323 1175 3370 raro
1201 3305 1360 3385 graviora
1397 3305 1430 3368 ei
1455 3308 1544 3369 mala
1572 3309 1662 3370 attu-

540 3416 667 3478 lerunt.
698 3418 795 3493 Saepe
836 3430 920 3477 vero
962 3411 1084 3492 aliquis
1125 3413 1307 3492 episcopus
1344 3411 1570 3494 propinquus,
1603 3413 1663 3477 ant

540 3519 726 3601 prouinciae
752 3519 861 3582 totius
881 3536 1002 3582 omues
1022 3519 1157 3599 praelati
1185 3520 1454 3583 Universitatem
1480 3521 1659 3584 laedebaut.

538 3628 696 3691 Breviter
708 3625 859 3707 primum
881 3643 1114 3688 memoremus
1134 3627 1275 3705 longum
1299 3628 1334 3689 et
1358 3627 1516 3690 terribile
1534 3628 1662 3691 bellum
1720 3657 1723 3662 ·

539 3735 703 3796 adversus
720 3732 920 3812 episcopum
934 3735 1238 3806 Cenomanensom,
1255 3733 1449 3813 Philippum
1464 3734 1504 3798 de
1521 3738 1665 3797 Lucem,-

538 3843 658 3920 burgo.
679 3844 750 3910 Quo
765 3839 801 3900 in
816 3840 918 3912 bello,
943 3835 1103 3901 Pontifex
1124 3841 1246 3903 saltem
1269 3858 1422 3912 summus
1439 3841 1661 3904 Innocentius

538 3949 685 4011 Octavus
702 3944 926 4021 Universitati
942 3945 1219 4020 auxiliumtulit;
1238 3947 1351 4010 abillo
1368 3948 1484 4011 autem
1500 3949 1678 4011 commis--

539 4054 650 4116 sarius
666 4053 863 4118 nominatus
888 4051 1097 4116 Guillermus
1114 4052 1162 4114 de.
1176 4055 1209 4115 la
1236 4055 1401 4134 Planque,
1421 4055 1661 4118 thesaurarius

538 4160 695 4224 ecclesiae
721 4160 853 4222 Sanctae
865 4159 1016 4238 Virginis
1032 4160 1075 4224 de
1090 4160 1329 4234 bressenvilla
1348 4160 1383 4222 in
1400 4160 1548 4224 ecclesia
1569 4163 1664 4226 Vau-

536 4269 713 4340 cellarum,
732 4265 879 4347 septimo
895 4282 984 4329 auno
1002 4265 1086 4329 belli
1097 4267 1218 4330 contra
1232 4266 1433 4348 episcopum
1453 4269 1661 4333 sententiam

536 4374 630 4437 dedit
640 4374 665 4436 ³.

535 4591 697 4646 Parisiensis
727 4592 787 4646 frui.
818 4593 922 4647 Octauo
953 4594 1074 4660 januarii
1105 4595 1204 4648 mensis
1235 4595 1278 4647 die
1303 4598 1360 4648 1471
1387 4595 1457 4660 anni,
1481 4592 1658 4650 ‘Gadomeusis

534 4669 704 4726 Universitas
724 4675 901 4739 profitebatur
915 4693 945 4727 se
961 4676 1071 4727 fruitam
1091 4692 1151 4728 esse
1167 4675 1316 4741 privilegiis
1335 4677 1495 4730 Pariaiensis
1520 4677 1659 4730 Universi-

533 4755 597 4806 tatis
614 4774 626 4800 α
641 4756 676 4805 ad
688 4755 766 4820 eujus
777 4755 861 4807 instar
870 4757 985 4808 maxime
1003 4757 1120 4820 porrecti
1133 4763 1160 4809 et
1175 4756 1281 4809 fundati
1289 4775 1380 4809 sumus
1394 4779 1415 4809 r.
1427 4753 1526 4822 (Ooncl.
1540 4775 1562 4813 1.
1578 4759 1656 4822 1011.)

582 4839 603 4888 1.
618 4835 780 4900 Μαινοίοφ,
797 4837 817 4886 1³
836 4835 887 4899 196,
901 4835 956 4886 ind.
971 4838 1066 4900 Benet,
1078 4854 1097 4902 1,
1115 4838 1169 4889 171.

579 4918 602 4964 a.
616 4915 688 4965 mia.
1205 4909 1209 4915 “
1380 4976 1382 4982 ,

580 4997 603 5044 3.
617 4995 698 5046 Arcb.
716 4992 798 5059 Octa,
810 4994 843 5046 D.
860 4997 898 5059 al,
917 4995 957 5048 ecl.
969 4998 1064 5060 Benet,
1085 5015 1103 5060 1,
1117 5000 1155 5060 33,
1172 5015 1226 5063 sqq.
1248 5027 1277 5036 -
1298 4999 1356 5050 Ista
1378 5015 1462 5051 causa
1485 4999 1622 5052 oriebatur
1641 5016 1655 5051 e

536 5075 648 5138 querela
665 5075 735 5128 inter
749 5077 898 5129 Rebertum
912 5077 1024 5142 'lyessa
1038 5078 1235 5131 thesaurarium
1250 5080 1374 5133 ecclesiae
1389 5081 1482 5133 Sancti
1499 5080 1609 5142 ¹Nicolai
1622 5081 1656 5133 de
