3950 5975
2026 712 2373 773 -34-

1153 895 1161 903 ·
1206 883 1350 941 Hoc
1388 880 1619 939 tamen
1654 880 1822 945 aevo,
1874 872 2299 934 Universitas
2344 872 2426 934 de
2478 848 3057 937 nominationibus
3099 874 3304 953 agita-

1082 989 1240 1049 tur:
1276 982 1807 1047 contemnebant
1836 980 2020 1042 enim
2051 977 2320 1041 litteras
2351 980 2623 1057 regales
2666 981 2820 1041 1518
2861 981 3019 1042 anni
3048 980 3311 1060 praelati

1085 1091 1523 1155 Normanniae
1607 1091 1677 1151 et
1761 1085 2137 1149 candidatis
2232 1085 2715 1148 Universitatis
2811 1086 3308 1151 nominationes

1087 1197 1509 1279 negabant¹.
1579 1196 1876 1259 Rectore
1931 1192 2293 1257 Guillelmo
2352 1196 2547 1266 Bato,
2605 1194 2996 1257 novembris
3057 1196 3309 1257 mensis

1086 1307 1325 1387 quinto
1371 1305 1636 1367 decimo
1686 1302 1795 1365 die
1844 1302 1999 1363 1528
2055 1300 2213 1362 011111
2271 1301 2634 1379 deputatos
2699 1301 2932 1362 Trium
2991 1301 3312 1365 ordinum

1082 1412 1522 1476 Normanniae
1580 1410 1663 1472 ad
1725 1410 2140 1472 conventum
2217 1407 2424 1479 misit,
2489 1406 2606 1486 qui
2693 1408 3021 1471 auxilium
3077 1425 3314 1472 eorum

1083 1521 1153 1582 in
1210 1520 1328 1582 illo
1385 1519 1567 1581 bello
1615 1516 1797 1579 civili
1838 1516 2163 1595 peterent
2186 1512 2233 1574 ².
2289 1513 2730 1575 Normanniae
2799 1515 3076 1577 ordines
3136 1518 3314 1579 enim

1083 1626 1403 1690 subsidiis
1477 1624 1619 1686 suis
1679 1622 2026 1701 erigendae
2083 1619 2527 1682 Universitati
2584 1620 3152 1683 contribuerant:
3221 1623 3315 1685 ita

1070 1732 1346 1815 patroni
1412 1750 1452 1794 a
1521 1730 1935 1809 suppositis,
1997 1745 2207 1807 quum
2279 1727 2635 1806 prosecuti
2689 1729 2926 1790 essent
3022 1728 3323 1791 diversas

1077 1841 1399 1920 querelas
1471 1854 1706 1901 coram
1785 1834 2324 1913 Rothomagensi
2387 1835 2589 1897 Curia
2665 1834 3116 1898 habebantur.
3186 1838 3314 1898 Sed

1078 1950 1153 2009 16
1208 1946 1384 2025 junii
1440 1945 1696 2007 mensis
1756 1942 1912 2005 1527
1960 1942 2032 2004 et
2087 1941 2126 2004 9
2175 1941 2449 2019 augusti
2501 1943 2686 2014 1528,
2746 1941 2997 2004 litterae
3051 1943 3318 2021 regales

1078 2053 1350 2116 Curiam
1378 2055 1434 2113 N
1445 2050 1815 2115 ormanniae
1841 2050 1923 2111 de
1955 2064 2032 2110 re
2054 2047 2370 2125 judicare
2395 2049 2784 2119 vetuerant,
2820 2048 3164 2129 episcopis
3193 2049 3313 2112 1103

1070 2160 1347 2239 judices
1382 2157 1889 2238 suspicantibus
1919 2156 1964 2216 ³.

1197 2265 1624 2328 Universitas
1675 2265 1903 2325 autem
1948 2262 2292 2341 petiverat
2353 2280 2393 2323 a
2451 2266 2697 2342 Magno
2761 2265 2966 2343 Regis
3024 2264 3315 2327 Consilio

1074 2376 1150 2435 ut
1182 2390 1332 2436 rem
1353 2371 1725 2449 judicaret,
1762 2386 1963 2449 quam
1996 2367 2178 2430 enim
2209 2368 2326 2429 illa
2353 2369 2546 2431 curia
2575 2371 2866 2433 retinuit
2911 2374 2985 2433 15
3032 2387 3318 2433 110νο111-

1074 2481 1214 2543 bris
1269 2480 1424 2541 1530
1462 2477 1746 2556 judicio.
1797 2475 2186 2553 Privilegia,
2223 2492 2373 2554 quae
2424 2476 2794 2540 Pontifices
2845 2482 3204 2557 Regesque
3253 2479 3317 2541 ei

1070 2587 1484 2658 tribuerant,
1537 2584 1963 2646 Universitas
2009 2583 2358 2655 invocans,
2404 2586 2569 2661 jura
2625 2584 2761 2646 illis
2821 2604 3018 2665 aequa
3073 2585 3315 2664 quibus

1074 2698 1328 2759 ceterae
1382 2692 1882 2755 Universitates
1920 2691 2330 2752 fruebantur
2387 2693 2456 2753 et
2501 2692 3086 2754 confirmationem
3137 2694 3317 2771 juris

1074 2801 1492 2866 scholarium
1523 2798 1878 2861 beneficiis
1909 2799 2518 2877 proponendorum
2547 2799 2846 2877 petebat.
2876 2802 2934 2860 N
2943 2800 3315 2861 ormanniae

1067 2927 1234 2973 vero
1279 2908 1544 2990 praelati
1574 2905 2003 2976 defensoreS,
2047 2904 2529 2967 conclusiones
2583 2907 2970 2983 petentium
3018 2906 3308 2986 ineptaS‚

1069 3017 1598 3097 impertinentes
1679 3014 1747 3075 et
1824 3011 2137 3074 inciviles
2227 3013 2566 3074 habebant
2595 3048 2611 3086 ‚·
2684 3014 2994 3077 dicentes
3081 3017 3316 3076 sancta

1070 3125 1351 3186 decreta
1384 3125 1453 3185 et
1484 3122 1686 3200 pacta
1717 3137 1866 3198 quae
1903 3121 2328 3181 Concordata
2356 3119 2882 3183 nominarentur
2925 3144 2960 3177 «
2991 3124 3321 3200 Pragma-

1069 3233 1223 3294 ticae
1272 3229 1683 3292 sanctioni»
1735 3225 2158 3288 successisse
2193 3243 2343 3304 quae
2394 3244 2741 3306 nunquam
2787 3228 2859 3288 in
2901 3229 3320 3291 Normannia

1066 3338 1352 3416 recepta
1382 3335 1669 3406 fuisset3
1722 3334 2154 3410 Pragmatica
2203 3333 2570 3395 sanctione
2621 3334 2918 3409 valente,
2968 3352 3316 3413 nunquam

1064 3443 1572 3506 nominationes
1620 3442 1689 3502 et
1736 3438 2238 3501 insinuationes
2286 3457 2326 3500 a
2377 3457 2450 3501 se
2501 3443 2818 3519 acceptas
2877 3440 3082 3504 esse:
3137 3441 3317 3520 quod

1068 3551 1286 3614 soedus
1344 3551 1655 3637 ceterum
1702 3564 1777 3608 se
1820 3562 1957 3607 non
2011 3547 2522 3625 approbavisse,
2558 3549 2776 3626 quum
2820 3548 2902 3610 ad
2954 3548 3320 3611 concilium

1072 3771 1316 3823 coenobio
1345 3770 1549 3822 fiebant
1582 3767 1866 3831 generales
1903 3767 2357 3829 congregationes
2387 3767 2800 3829 Universitatis;
2839 3768 2915 3819 ibi
2959 3775 3076 3820 erat
3106 3785 3317 3820 conser-

1067 3851 1268 3902 vatoris
1292 3856 1631 3914 parquetum,
1664 3848 1739 3898 ibi
1763 3863 1859 3910 pro
1893 3846 2183 3897 reddendis
2215 3847 2478 3910 computis
2515 3848 2881 3912 congregati0‚
2921 3848 2992 3898 ibi
3034 3849 3312 3899 facultatis

1068 3933 1263 3982 artium
1288 3932 1505 3991 chartae,
1536 3929 1612 3979 ibi
1646 3928 2029 3978 celebrabatur
2071 3928 2358 3989 quotannis
2401 3927 2588 3978 Sancti
2634 3929 2788 3978 Lucii
2817 3929 2981 3978 missa
3021 3945 3118 3992 pro
3150 3929 3312 3979 medi-

1071 4029 1255 4062 corum
1296 4012 1487 4075 gratia,
1535 4010 1610 4059 ibi
1668 4008 2010 4058 habebantur
2061 4007 2324 4057 solemnia
2365 4013 2490 4057 acta
2537 4008 2851 4073 Theologiae
2895 4009 3190 4059 facultatis·
3235 4009 3314 4058 Of.

1069 4094 1377 4153 Boni-mont,
1406 4093 1484 4153 69,
1512 4091 1587 4151 85,
1620 4089 1696 4150 87,
1719 4090 1796 4151 92,
1826 4089 1931 4149 124,
1964 4088 2069 4148 128,
2096 4092 2151 4137 et
2184 4088 2372 4150 Pepin,
2400 4088 2588 4138 Notice
2613 4105 2707 4138 cur
2736 4088 3124 4151 saint-Juzien,
3151 4107 3208 4153 p,
3238 4091 3314 4138 73.

1072 4172 1252 4222 Patris
1281 4170 1502 4221 Martini
1526 4170 1595 4219 ad
1618 4170 1768 4218 Huet
1792 4168 2104 4231 episcopum
2128 4167 2354 4230 litteras,
2375 4170 2428 4217 21
2465 4169 2664 4219 sevrier
2697 4171 2832 4231 1699,
2854 4176 2910 4219 01
2941 4185 2965 4217 (1
2987 4169 3315 4233 Remarques

1070 4251 1319 4301 touchant
1350 4253 1394 4300 le
1424 4256 1640 4300 convent
1680 4248 1768 4297 des
1807 4248 2071 4314 reliyieuae
2121 4247 2422 4297 Gordeliers
2469 4248 2532 4298 de
2584 4248 2744 4310 Caen,
2805 4249 2878 4298 clu
2913 4249 3051 4300 Pare
3085 4248 3313 4310 Martia,

1073 4334 1209 4393 2698,
1245 4350 1269 4381 »
1306 4347 1441 4395 quas
1490 4330 1660 4381 edidit
1710 4330 1772 4378 A.
1815 4328 2004 4389 Gaste,
2051 4328 2105 4376 in
2141 4328 2279 4377 Arm.
2325 4328 2463 4378 Fac.
2524 4329 2728 4379 Leltres
2770 4329 2832 4379 de
2874 4329 3032 4392 Caen,
3087 4346 3123 4391 1,
3177 4329 3313 4379 ¹885.

1074 4415 1193 4462 1527
1241 4428 1383 4462 anno
1421 4428 1576 4461 novae
1628 4409 2000 4460 contentiones
2049 4408 2342 4458 turbabant
2393 4409 2569 4459 foedus
2621 4410 2765 4473 quod
2824 4411 2946 4460 1482
2998 4425 3141 4461 anno
3191 4424 3315 4459 con-

1072 4493 1281 4542 clusum
1327 4498 1443 4542 erat
1489 4492 1628 4540 inter
1679 4489 2104 4538 Universitatem
2151 4488 2596 4552 Cordigerosque.
2646 4490 2911 4554 Religiosi
2954 4488 3308 4541 excommuni-

1070 4579 1250 4622 catum
1281 4576 1614 4622 vocaverunt
1660 4574 2095 4619 conservatorem
2136 4568 2535 4633 Universitatis,
2576 4571 2899 4634 Magistrum
2941 4570 3310 4621 castellanum

1071 4654 1123 4702 le
1150 4652 1385 4702 Cordier.
1414 4650 1611 4714 (Concl.
1644 4666 1703 4711 11,
1738 4650 1781 4698 f⁰
1813 4649 1937 4707 139.)

1167 4737 1210 4781 1.
1246 4732 1494 4794 Requete
1517 4731 1583 4780 de
1609 4729 1955 4778 l'Universite
1982 4743 2051 4777 au
2077 4728 2262 4778 Grand
2292 4729 2521 4780 00113011.
2557 4730 2739 4793 (ΑνεῙι.
2771 4731 2936 4792 Oalv„
2968 4731 3036 4780 D.
3064 4731 3187 4793 147.)

1165 4815 1209 4860 2³.
1247 4811 1436 4873 C'oncI„
1460 4828 1518 4873 11,
1556 4811 1597 4858 f·t
1636 4810 1736 4859 148.
1783 4807 2046 4871 Deputati
2075 4809 2295 4858 fuerunt
2337 4809 2678 4861 Castellanus
2716 4812 2769 4862 le
2809 4811 3030 4862 Cordier
3063 4814 3119 4862 et
3144 4809 3309 4860 Fran-

1070 4893 1247 4942 ciscus
1278 4893 1480 4942 Cabart
1512 4898 1568 4941 et
1599 4888 1891 4952 Dionysius
1916 4889 2208 4952 Regnault,
2232 4889 2558 4942 licentiatus
2583 4892 2638 4941 in
2659 4892 2890 4955 legibus,
2918 4891 3067 4942 urbis
3095 4890 3312 4942 cadomi

1070 4978 1328 5024 oratores·

1164 5056 1209 5103 3.
1242 5051 1403 5103 Arch.
1439 5052 1604 5114 Calc„
1628 5051 1694 5101 D.
1722 5052 1829 5102 150.
