3950 5975
741 708 1052 775 .-.87-·

271 857 277 863 ’
366 870 456 928 ‘De
481 866 603 929 studiis
629 867 856 929 reformandis
876 868 993 928 tamen
1013 863 1113 927 Curia
1127 881 1265 943 semper
1280 864 1462 943 cogitabat.
1557 863 1559 866 ’

348 971 464 1035 Tertia
488 974 603 1035 autem
628 975 663 1035 et
688 970 820 1036 decima
840 973 895 1035 die
920 972 1087 1034 februarii
1107 972 1185 1033 1586
1216 971 1307 1043 6661,
1336 970 1466 1048 scabini

346 1079 524 1152 articulos,
543 1097 629 1160 quos
649 1081 684 1141 16
710 1080 848 1145 decreto
872 1096 932 1158 pro
956 1078 1190 1156 Universitate
1214 1076 1468 1140 reformandae

345 1186 445 1249 turia
459 1181 653 1265 praeparato
668 1186 778 1251 inseri
794 1186 964 1258 volebant,
976 1184 1147 1264 redigunt,
1160 1186 1350 1281 posteaque
1360 1182 1466 1245 Guriae

344 1292 484 1355 mittunt
500 1294 520 1353 1.

887 1462 917 1523 II

404 1710 575 1773 Vicesimo
624 1710 733 1773 altero
776 1710 831 1773 die
871 1709 1009 1789 augusti
1041 1711 1134 1777 1586.
1168 1708 1269 1771 (iuria
1306 1673 1468 1786 suprema

345 1816 583 1916 reformationi
618 1816 861 1879 Universitatis
889 1817 1092 1895 providebat
1129 1816 1282 1886 decretu,
1310 1814 1366 1876 cui
1406 1814 1466 1875 1116

264 2070 266 2074 -
344 2032 439 2093 ment
455 2032 574 2093 surles
585 2030 784 2109 disciplinas
796 2030 957 2092 liberales
971 2030 1013 2092 16
1024 2027 1244 2114 l'Uuirersite
1260 2029 1302 2090 de
1317 2025 1464 2100 06661»,

345 2138 445 2217 quod,
465 2136 597 2199 decimo
615 2136 765 2199 octobris
786 2137 852 2210 die,
873 2136 1010 2216 publica
1025 2136 1219 2215 perlectum
1238 2134 1302 2197 fuit
1324 2134 1359 2195 in
1379 2151 1465 2196 con-

343 2246 449 2307 ventu
465 2243 706 2306 Universitatis
723 2243 888 2321 generali.

250 2341 253 2349 ’
337 2404 338 2407 ,
403 2354 441 2411 16
457 2366 524 2429 quo
539 2366 632 2423 vero,
659 2350 785 2411 nedum
810 2348 925 2423 omnia
943 2367 1018 2428 quae
1042 2349 1264 2411 renascendis
1290 2348 1411 2411 studiis
1430 2349 1466 2411 et

345 2456 569 2519 Universitati
596 2456 824 2518 reformandae
853 2456 1062 2518 incumbunt
1077 2456 1283 2525 tractentur,
1310 2456 1395 2516 nibil
1415 2461 1468 2518 est

287 2615 289 2617 .
344 2565 386 2635 de
424 2563 619 2636 medicinae,
659 2563 844 2641 theologiae
882 2564 920 2641 et
952 2563 1079 2624 artium
1116 2562 1347 2625 facultatibus.
1392 2565 1466 2625 Ho'c

345 2670 473 2733 statuto
513 2669 694 2732 enucleato
731 2687 769 2731 ac
803 2671 890 2732 bene
923 2670 1126 2748 composito,
1168 2670 1333 2754 omnibus
1359 2653 1492 2731 modis

343 2776 568 2861 prosequitur
594 2774 704 2837 duria
733 2776 922 2854 disciplinae
956 2775 1225 2847 restitutionem,
1250 2775 1285 2836 in
1310 2775 1465 2852 collegiis

344 2884 550 2964 praesertim,
569 2882 691 2965 quibus
708 2881 956 2962 impenduntur
979 2899 1048 2944 non
1071 2873 1184 2943 minus
1208 2899 1310 2961 quam
1324 2882 1363 2944 20
1379 2881 1466 2942 arti·
1521 2862 1524 2866 ’

284 3072 292 3080 ἱ
345 2992 432 3066 6611;
450 2990 577 3054 etenim
593 3005 676 3052 vero
695 2989 761 3051 hoc
784 2991 942 3068 tempore
969 2978 1139 3052 bellorum
1165 2989 1327 3061 civilium,
1359 3006 1464 3067 quum

344 3097 541 3177 respublica
575 3097 748 3159 discordia
769 3083 957 3168 laborabat,
973 3106 979 3182 j
996 3096 1072 3174 quis
1106 3096 1256 3157 miretur
1283 3096 1463 3157 senatores

342 3206 383 3274 de
413 3207 503 3265 bona
526 3203 636 3288 paedia
666 3203 819 3264 curaret
843 3202 933 3264 luris
973 3203 1156 3280 utriusque
1185 3202 1343 3280 collegio.
1361 3202 1464 3280 quin-

343 3327 408 3390 que
425 3309 530 3372 etiam
545 3309 682 3370 articuli
700 3312 893 3371 servantur.
916 3309 950 3369 Si
976 3310 1093 3370 autem
1113 3309 1222 3370 Curiae
1244 3307 1484 3376 senatoribus⁴

323 3434 457 3496 ¹operae
488 3416 642 3496 pretium
671 3415 737 3476 init
775 3417 862 3477 bene
901 3415 1091 3477 restituere
1125 3414 1319 3491 juventutis
1347 3415 1464 3492 paeda-

175 3557 177 3559 ·
292 3576 297 3582 ,
344 3525 495 3602 gogium
530 3524 572 3584 de
612 3523 716 3584 rebus
755 3539 838 3600 quas
870 3521 1030 3600 discipuli
1065 3522 1282 3583 docebuntur
1322 3521 1462 3582 minime

342 3632 486 3704 curant3
513 3630 573 3691 sed
596 3628 710 3708 potius
726 3629 826 3690 modo
844 3645 910 3707 quo
937 3629 1155 3697 docebuntur
1178 3629 1318 3690 student
1335 3628 1461 3689 ‘Semel

342 3737 445 3808 enim,
463 3735 610 3814 aequasi
630 3735 731 3806 sorte,
749 3735 844 3796 dere
861 3717 1015 3796 docenda
1029 3735 1211 3806 tractatur,
1230 3735 1290 3797 sed
1305 3735 1346 3795 de
1362 3732 1462 3794 disci·
1525 3723 1528 3726 ’

340 3844 434 3922 plina
449 3859 517 3905 non
533 3843 645 3903 minus
665 3859 765 3920 quam
783 3841 933 3920 quinque
950 3828 1089 3902 articuli
1104 3841 1343 3922 inscribuntur
1360 3856 1367 3912 ;
1391 3839 1460 3902 imo

339 3949 524 4039 bominem,
540 3949 649 4034 civem
660 3948 1045 4026 instituendum,potius
1057 3948 1265 4010 curaverunt
1281 3937 1480 4008 senatores*

339 4073 440 4134 quam
466 4055 671 4134 discipulum
688 4053 926 4116 erudiendum.
949 4056 988 4115 nt
1012 4054 1124 4134 primo
1149 4053 1257 4116 civem
1282 4051 1460 4115 catholicae

337 4162 417 4223 fidei
440 4161 593 4223 deditum
618 4159 827 4238 incollegiis
848 4160 993 4222 formari
1016 4161 1125 4223 voluit
1148 4159 1261 4222 Curia.
1279 4162 1400 4238 Neque
1425 4158 1460 4218 in

336 4268 504 4347 prooemio
533 4264 828 4347 6611661666611
856 4267 971 4344 huJus,
1003 4284 1116 4346 neque
1141 4267 1177 4327 iu
1210 4265 1365 4328 articulis
1390 4246 1485 4326 ullo'

337 4374 438 4435 modo
453 4373 590 4434 laeditur
605 4371 737 4451 Religio
759 4371 965 4447 reformata;
984 4375 1165 4436 senatores
1180 4388 1249 4435 non
1266 4373 1337 4433 tam
1353 4371 1460 4449 impe·

338 4481 397 4542 riti
412 4481 522 4554 erant,
540 4479 598 4558 qui
613 4479 706 4540 illam
722 4478 824 4541 fidem
840 4481 1116 4558 aggrederentur
1132 4480 1172 4540 'in
1188 4468 1273 4541 urbe
1292 4495 1367 4557 quae
1384 4479 1459 4554 ejus

335 4605 401 4650 arx
414 4586 524 4648 adhuc
539 4586 740 4648 habebatur.
1373 4668 1376 4671 .
1423 4650 1426 4656 ,

401 4694 465 4755 Sed
481 4692 686 4755 catholicum
701 4692 918 4771 propositum
941 4693 976 4754 in
1002 4694 1068 4756 hoc
1091 4695 1167 4773 ipso
1181 4694 1293 4773 primo
1316 4674 1459 4753 articulo

388 4952 410 5000 1.
427 4949 506 5000 Arch.
520 4965 622 5011 comm„
636 4949 667 4999 R.
682 4947 717 4998 H.
731 4945 771 5010 V„
784 4964 810 4998 6.
829 4947 866 5012 25,
881 4949 915 4998 111
933 4943 979 5001 190
993 4956 1021 5002 61
1038 4953 1088 5002 191.

388 5042 411 5090 2.
425 5039 505 5090 Arcb.
521 5039 596 5091 Calv.
610 5037 653 5102 (D.
666 5038 703 5100 51,
716 5033 764 5100 611,
781 5037 875 5100 Benet,
888 5053 905 5100 r,
918 5037 967 5102 88.)

346 1924 467 1986 titulus
495 1924 590 1985 erat:
620 1922 772 1985 «Arrest
797 1925 832 1985 61
847 1923 1054 2002 reiglemeut
1069 1924 1110 1985 de
1126 1923 1159 1984 la
1178 1924 1267 1984 dour
1288 1921 1330 1983 de
1346 1918 1471 2003 Paria-¹
1569 1911 1571 1914 ’
