3950 5975
1648 756 1992 819 —35—

697 916 1131 981 Bituricense
1183 933 1318 997 quo
1369 917 1622 979 factum
1673 918 1846 990 erat,
1891 935 2029 980 non
2079 921 2304 983 vocati
2355 927 2613 998 essent,
2669 928 2848 1006 quod
2881 926 2940 990 si

696 1026 919 1087 vocati
970 1026 1227 1097 essent,
1281 1040 1628 1103 nunquam
1674 1040 1748 1086 se
1809 1026 2140 1088 ecclesias
2187 1030 2650 1105 Normanniae,
2691 1033 2936 1112 quibus

698 1134 933 1195 essent
964 1132 1129 1194 satis
1162 1131 1354 1193 multi
1382 1130 1675 1209 patroni.
1706 1149 1913 1211 quum
1944 1130 2103 1196 laici
2134 1136 2280 1197 turn
2309 1138 2787 1212 ecclesiastici,
2823 1142 2940 1221 qui

680 1239 851 1317 plus
915 1256 1115 1318 quani
1170 1238 1521 1300 medietati
1597 1238 2094 1301 beneficiorum
2153 1243 2605 1307 nominandos
2674 1262 2939 1327 propo-

699 1348 970 1415 nerent,
1034 1345 1617 1407 nominationibus
1664 1347 1734 1407 et
1783 1345 2359 1411 insinuationibus
2419 1352 2613 1415 novis
2667 1354 2939 1432 gravari

698 1470 1162 1516 consensuros
1194 1451 1407 1514 fuisse
1442 1451 1485 1511 ¹.
1529 1452 2010 1530 Respondebat
2039 1471 2206 1517 vero
2241 1456 2704 1521 Universitas:
2742 1460 2940 1521 Basi-

696 1551 821 1621 leae
856 1558 1218 1621 concilium
1252 1560 1577 1637 generale
1621 1559 2122 1622 oecumenicum
2158 1561 2395 1637 fuisse,
2439 1566 2936 1645 Pragmaticam

697 1667 1134 1728 Sanctionem
1165 1665 1235 1727 in
1263 1666 1566 1727 Concilio
1612 1665 2032 1727 Bituricensi
2078 1686 2117 1729 a
2156 1667 2409 1732 Gallica
2448 1672 2597 1734 tota
2639 1673 2936 1737 ecclesia

694 1774 1044 1852 receptam
1078 1772 1312 1834 fuisse.
1333 1772 1520 1833 nullo
1546 1772 1744 1833 modo
1769 1773 2080 1851 exceptis
2102 1777 2160 1835 N
2167 1777 2540 1839 ormanniae
2566 1779 2935 1859 episcopis,

693 1881 762 1941 et
791 1880 1214 1943 concordata
1244 1878 1312 1940 in
1343 1880 1490 1941 toto
1524 1894 1738 1956 regno
1772 1882 2256 1965 prosequenda
2283 1899 2462 1945 esse.

810 1990 997 2048 Tunc
1048 1985 1395 2066 pugnandi
1448 1985 1803 2062 rationem,
1841 1988 2186 2050 mutantes
2216 1990 2510 2067 praelati,
2543 1992 2620 2054 ut
2658 2010 2934 2055 causam

693 2095 1085 2168 tuerentur,
1147 2096 1311 2170 jura
1361 2092 1735 2172 provinciae
1784 2094 2224 2157 Normanniae
2284 2096 2730 2159 invocabant:
2785 2123 2820 2157 <
2866 2102 2931 2162 le

693 2218 1018 2279 royaume
1050 2200 1133 2262 de
1165 2203 1425 2261 France
1474 2200 1544 2260 et
1588 2200 1652 2260 le
1700 2204 1847 2278 pais
1891 2200 1974 2261 de
2011 2202 2364 2280 Dauphine
2408 2195 2936 2283 expressement

692 2309 1011 2388 designes
1041 2326 1084 2385 y
1115 2307 1378 2369 etoient
1410 2306 1733 2386 compriS,
1778 2309 1848 2369 61
1896 2324 2033 2371 11011
2067 2310 2131 2371 16
2179 2327 2344 2389 pays
2375 2312 2458 2373 de
2490 2314 2930 2401 Normandie,

695 2417 830 2495 qui,
867 2416 949 2478 de
979 2415 1175 2478 toute
1212 2414 1646 2486 anciennete,
1695 2414 1875 2476 avoit
1924 2431 2012 2476 eu
2062 2416 2194 2479 duc
2249 2418 2320 2479 et
2367 2434 2830 2497 gouverneur,
2863 2424 2935 2486 et

690 2524 909 2586 forme
942 2524 1077 2584 une
1107 2521 1436 2601 province
1466 2519 1811 2592 distincte,
1846 2522 1916 2583 et
1950 2525 2238 2600 separes
2272 2524 2360 2585 du
2393 2541 2594 2604 corps
2625 2526 2932 2605 primor-

692 2631 824 2691 dial
857 2630 945 2692 du
977 2644 1345 2706 royaume3
1382 2644 1514 2707 que
1544 2628 1611 2689 la
1639 2628 2057 2691 Normandie
2097 2648 2136 2691 a
2174 2645 2286 2692 ses
2325 2632 2696 2712 privileges
2729 2635 2932 2713 qu'on

692 2734 1256 2815 gardalt.Jusqu’a
1301 2734 1716 2797 l’extremite
1766 2751 2032 2797 comme
2064 2736 2130 2797 la
2161 2736 2407 2800 charte
2443 2740 2819 2803 normande
2848 2740 2875 2785 Ξ
2910 2727 2941 2814 ;’

691 2861 822 2923 que
853 2844 955 2905 les
1013 2843 1189 2905 dites
1251 2838 1741 2903 constitutions
1792 2840 1900 2917 n'y
1951 2843 2072 2903 ont
2127 2859 2251 2922 pas
2300 2846 2412 2906 ete
2447 2828 2719 2920 recues',
2755 2848 2925 2909 mais

688 2950 848 3032 qu'il
877 2969 920 3029 y
946 2968 984 3013 a
1022 2950 1344 3013 coutume
1375 2947 1872 3011 immemoriale
1902 2949 2311 3030 prescripte‚
2342 2968 2468 3031 par
2496 2952 2791 3032 laquelle
2825 2954 2928 3016 les

689 3060 1033 3122 beneficas
1085 3058 1205 3120 ont
1254 3058 1365 3118 ete
1416 3056 1734 3117 conferes
1796 3073 1920 3135 par
1968 3056 2071 3118 les
2125 3057 2508 3121 ordinaires
2554 3060 2926 3123 collateurs

688 3185 845 3229 sans
880 3165 1071 3227 avoir
1101 3163 1309 3242 egard
1358 3180 1492 3224 aux
1538 3161 2027 3224 constitutions
2077 3164 2160 3225 de
2209 3165 2276 3226 la
2324 3165 2806 3245 Pragmatique
2856 3168 2928 3228 et

687 3277 775 3336 du
804 3272 1204 3336 concordat.
1251 3294 1285 3326 »

805 3382 914 3443 Sic
978 3379 1366 3440 involvebat
1426 3393 1498 3438 se
1562 3394 1838 3455 semper
1888 3377 2301 3456 implicando
2357 3379 2489 3442 hoc
2545 3380 2923 3459 negotium,

642 3495 645 3498 ’
688 3506 919 3569 quum,
956 3501 1134 3548 anno
1171 3484 1347 3555 1532,
1385 3488 1531 3545 Rex
1580 3483 1987 3546 Franciscus
2019 3485 2289 3547 Primus
2318 3487 2683 3548 Cadomum
2714 3488 2922 3560 venit,

685 3615 842 3660 cum
906 3592 1227 3671 delphino
1291 3589 1680 3653 Francisco.
1740 3593 1819 3651 ⁶26
1881 3590 1991 3652 dei
2059 3593 2314 3653 mensis
2378 3593 2607 3654 martii
2674 3596 2930 3656 Rector

681 3708 714 3763 J
724 3703 1032 3765 ohannes
1058 3703 1289 3777 Roger
1314 3697 1763 3760 Corneriacus
1791 3697 1859 3756 in
1894 3698 2155 3759 artibus
2189 3699 2661 3778 medicinaque
2684 3691 2942 3768 doctor

685 3811 1053 3886 deputatos
1084 3804 1508 3876 convocavit3
1545 3820 1677 3882 quo
1708 3803 1999 3866 concilio
2032 3805 2113 3865 de
2148 3806 2612 3883 processionis
2645 3807 2928 3870 Univer-

620 3914 625 3919 ’
687 3916 909 3978 sitatis
953 3913 1193 3976 ordine
1240 3929 1447 3989 quum
1496 3911 1576 3970 ad
1627 3914 1885 3988 Regem
1936 3911 2144 3982 irent,
2183 3915 2410 3973 actum
2443 3915 2566 3973 est.
2613 3915 2925 3977 Secundo

684 4021 919 4102 aprilis
951 4020 1083 4092 die,
1118 4018 1482 4097 delphinus
1520 4017 1743 4095 primo
1776 4019 2100 4095 receptus
2133 4020 2240 4079 est
2279 4038 2318 4081 a
2364 4023 2639 4084 rectore
2671 4022 2741 4084 et
2778 4024 2928 4084 tota

686 4127 1151 4191 Universitate
1196 4125 1276 4187 ad
1317 4124 1614 4186 Milletas
1662 4124 1870 4187 sores,
1918 4124 2259 4187 Postridie
2301 4126 2725 4189 Universitas
2770 4145 2926 4192 cum
3003 4201 3007 4205 .

686 4236 1001 4299 omnibus
1052 4233 1201 4294 aliis
1267 4229 1634 4310 judicibUS‚
1709 4219 2428 4311 gu'bernatoribusque
2499 4234 2770 4296 Cadomi
2843 4236 2926 4312 ad

686 4349 945 4422 Regem
974 4339 1340 4420 processit,
1388 4338 1545 4417 post
1578 4337 1869 4399 clericos
1918 4337 2246 4409 incedens
2279 4339 2322 4398 3.
2379 4341 2574 4419 Apud
2629 4341 2924 4404 Milletas

751 4567 792 4618 1.
817 4564 977 4615 Arch.
1012 4562 1161 4613 Calxr.
1185 4562 1258 4610 D.
1293 4562 1395 4610 150.

778 4645 822 4694 2.
853 4644 1055 4696 Charta
1069 4639 1485 4693 normannafuit
1509 4654 1656 4702 saepe
1689 4638 1835 4688 edita
1860 4645 1917 4688 et
1943 4638 2282 4689 confirmata:
2311 4641 2368 4689 49
2393 4656 2533 4689 mars
2553 4641 2686 4702 1314,
2707 4639 2923 4690 Recuez'l
2989 4653 2993 4657 ·

686 4725 774 4775 dee
802 4724 1201 4783 Ordonnancoe,
1218 4738 1251 4781 1,
1272 4723 1357 4771 551
1377 4722 1526 4781 3-30
1546 4719 1733 4782 juillet
1766 4721 1898 4780 1315,
1924 4735 1961 4779 1,
1999 4721 2114 4780 587;
2139 4747 2189 4756 -
2215 4721 2245 4768 2
2274 4719 2409 4769 avril
2443 4720 2578 4779 ¹458,
2608 4736 2716 4782 inv,
2741 4722 2921 4782 4643—

684 4807 747 4855 29
770 4805 878 4855 mai
903 4806 1038 4866 1459,
1062 4819 1171 4864 xiv,
1194 4803 1318 4862 4763
1356 4829 1408 4836 —
1449 4802 1481 4849 4
1503 4799 1717 4862 janvier
1746 4801 1879 4860 1461,
1904 4815 1992 4861 xv,
2023 4801 2137 4848 303.
2185 4799 2332 4863 Nihil
2357 4799 2412 4849 in
2434 4800 2517 4849 his
2543 4800 2741 4850 chartis
2766 4801 2924 4851 video

686 4903 791 4949 quo
813 4884 1181 4949 justificentur
1214 4885 1535 4944 argumenta
1560 4879 1944 4942 episcoporum.

777 4969 821 5014 3.
857 4982 927 5014 DE
956 4966 1116 5025 BRAS,
1152 4979 1238 5026 op.
1264 4962 1363 5022 cit„
1400 4962 1503 5009 155.
1546 4977 1567 5002 α
1602 4960 1672 5008 Ε1
1705 4961 1878 5021 apres
1927 4959 2507 5022 inquit,-marchoyent
2554 4976 2621 5010 en
2660 4960 2924 5011 honneste

686 5052 1021 5097 contenance
1061 5044 1215 5105 vingt
1240 5047 1431 5104 quatre
1458 5040 1706 5090 bedeaux
1731 5055 1798 5088 en
1832 5044 2268 5088 accoustremens
2299 5039 2366 5089 de
2385 5039 2501 5089 noir
2526 5045 2581 5089 et
2605 5041 2922 5100 bourreletS,

683 5131 900 5192 portant
923 5126 1069 5176 leurs
1095 5138 1274 5173 maces
1302 5122 1547 5182 d'argent
1581 5120 1780 5169 (levant
1806 5119 2080 5169 Monsieur
2109 5119 2161 5169 le
2195 5119 2433 5169 Recteur
2458 5119 2669 5170 d'icelle
2698 5120 2923 5170 Univer-
