3950 5975
599 223 624 241 =w

234 280 261 296 *¹
290 288 297 300 n

708 330 710 340 Ι

256 375 265 383 κ

787 824 960 882 ..83-

375 978 567 1056 Antequam
595 980 777 1043 Gadomum
805 981 1032 1060 relinqueret,
1060 980 1248 1043 Lisaureus
1273 998 1351 1042 cum
1376 995 1438 1041 suo

318 1083 461 1161 collega,
485 1086 642 1147 iohanne
671 1087 884 1166 Valquelino‚
906 1105 1028 1149 novam
1047 1088 1274 1167 quaestionem
1300 1086 1373 1149 ueri
1398 1087 1439 1148 de

318 1190 540 1267 receptorum
573 1193 730 1270 gestione
764 1194 799 1256 et
839 1194 1061 1257 denariorum
1097 1194 1340 1256 Universitatis
1374 1211 1439 1254 usu

315 1296 431 1372 jussit,
449 1315 523 1375 quae
544 1298 793 1369 locumtenenti
809 1300 947 1373 baillivi,
970 1301 1131 1379 Magistro
1150 1304 1168 1359 J
1172 1302 1278 1362 acobo
1299 1299 1440 1362 Blendel

319 1402 450 1464 tribute
463 1404 526 1466 suit
537 1406 557 1465 ¹.
575 1409 646 1474 Qua
661 1406 798 1484 augusti
813 1424 932 1469 mense
955 1406 1081 1479 habita,
1098 1407 1147 1468 nil
1164 1407 1243 1468 novi
1262 1407 1442 1468 inventum

322 1509 385 1569 est.
407 1512 623 1597 xReceptores
650 1514 776 1575 bonum
800 1514 1022 1576 denariorum
1038 1531 1152 1575 usum
1178 1513 1434 1592 probaverunt3

322 1615 466 1676 crimina
480 1617 719 1680 levioraerant
733 1648 738 1678 ι
762 1621 912 1681 attamen
926 1637 1119 1681 numerosae
1131 1637 1246 1698 cappae
1259 1636 1277 1681 e
1288 1619 1442 1680 violaceo

322 1723 418 1784 texto
430 1723 553 1801 quibus
568 1726 808 1787 vestiebantur
823 1726 1000 1787 scholares
1012 1727 1069 1805 qui
1080 1725 1234 1803 magistri
1246 1726 1370 1787 fiebant
1386 1726 1445 1786 aut

323 1829 480 1906 graduati
496 1833 596 1891 erant
610 1832 645 1892 in
662 1832 794 1894 Artium
809 1833 984 1904 facultate,
1002 1833 1146 1911 perditae
1168 1833 1285 1894 erant!
1307 1832 1445 1899 Quantae

324 1935 583 2013 dilapidationes
598 1941 603 1997 1
621 1938 655 1998 Si
672 1938 810 2016 quidem
825 1938 989 2001 Normani
1001 1939 1067 2017 ipsi
1081 1955 1149 2001 non
1165 1938 1321 2010 fuissent,
1339 1956 1445 2016 quaes·

323 2045 419 2103 tores
436 2044 585 2107 clamare
599 2046 742 2122 possent
756 2063 762 2105 :

430 2253 439 2267 ι
503 2230 576 2279 Tous
591 2244 637 2279 ces
651 2230 803 2279 Normands
815 2229 954 2280 voulaienl
965 2246 995 2280 se
1010 2229 1121 2280 divertit
1134 2229 1168 2279 de
1182 2245 1258 2279 nous.

384 2398 439 2459 Nil
456 2396 594 2477 quidem
610 2416 713 2477 grave
729 2400 764 2460 in
780 2399 842 2461 bac
858 2415 995 2461 causae
1011 2399 1208 2461 rumoribus
1234 2400 1311 2461 orta
1331 2398 1449 2476 ampli-

326 2502 447 2576 ficatis,
475 2507 537 2566 sub
558 2506 641 2583 toga
666 2505 756 2579 latis,
781 2523 799 2567 e
824 2522 929 2583 parvo
962 2507 1087 2584 oppido
1111 2505 1274 2583 egressis.
1310 2504 1449 2568 Octobri
1522 2518 1524 2527 ·

326 2627 457 2682 mense,
474 2612 702 2673 commissarii
712 2614 894 2673 Oadomum
914 2606 1108 2683 redierunt
1127 2611 1318 2673 Gorvaldini
1334 2611 1446 2673 locum

326 2717 468 2779 tenente
490 2719 610 2780 Oarolo
628 2720 749 2793 Fabro,
770 2718 907 2785 domino
930 2720 971 2779 de
992 2719 1024 2779 la
1047 2718 1228 2787 Gaillarde‚
1251 2717 1449 2779 consiliario

327 2824 537 2885 parlamenti
563 2824 682 2886 (iuriae.
704 2825 977 2902 Congregatione
1002 2824 1157 2902 generali
1177 2823 1293 2885 habita
1317 2824 1450 2884 decimo

328 2930 362 2990 et
389 2930 536 3029 septimp
559 2931 613 2994 die
644 2931 807 3006 octobris,
835 2930 1062 2993 commissarii
1087 2931 1233 3008 collegia
1256 2931 1291 2992 et
1316 2929 1451 2992 scholas

326 3037 482 3114 publicas
498 3037 727 3117 inspexerunt
747 3041 782 3100 et
799 3039 1013 3100 orationibus
1034 3037 1236 3123 Gahagpesii
1261 3039 1296 3098 et
1317 3036 1453 3099 Ruxelii

328 3143 520 3206 adfuerunt.
538 3145 750 3208 Audiverunt
760 3145 882 3224 postea
893 3145 1046 3207 diversas
1057 3144 1217 3222 querelas
1228 3143 1452 3222 burgensium

327 3249 381 3311 rel
411 3250 681 3330 suppositorum,
714 3252 849 3330 ipsique
868 3268 991 3312 novam
1019 3251 1247 3329 quaestionem
1270 3251 1451 3328 ceperunt,

282 3372 283 3376 ’
329 3373 404 3434 quae
426 3357 624 3434 praesertim
644 3359 685 3418 ad
705 3358 797 3430 vitia,
815 3357 962 3419 ambitus
982 3359 1018 3418 et
1041 3357 1311 3418 exercitationes
1328 3356 1455 3418 officia·

329 3463 460 3524 riorum
471 3463 677 3542 pertinebat.
695 3464 927 3526 commissarii
950 3480 1018 3525 non
1034 3462 1318 3526 reformationem
1332 3479 1454 3524 novam

329 3569 551 3648 inceperunt:
576 3588 675 3648 quam
689 3587 806 3631 curam
823 3571 863 3631 ad
877 3571 1012 3631 Curiam
1028 3570 1225 3631 retulerunt
1237 3569 1261 3629 ².

389 3677 485 3738 Sede
503 3678 580 3738 1580
596 3676 676 3738 anni
691 3677 892 3756 quaestione,
911 3693 929 3737 e
945 3677 1034 3738 votis
1052 3676 1169 3737 Trium
1181 3675 1345 3736 Ordinum
1362 3678 1457 3737 Nor-

331 3783 490 3851 oranniae,
501 3799 554 3864 Ι611
579 3782 680 3844 Urbis
702 3783 927 3862 petitionibus
958 3781 1221 3860 ambreumque,
1242 3780 1457 3842 Universitas
1507 3830 1509 3837 .

333 3889 534 3950 salinarium
563 3889 710 3967 vectigal
736 3890 917 3967 receperat
942 3888 1042 3967 aprili
1065 3905 1184 3949 mense
1201 3887 1275 3948 1581
1294 3887 1395 3958 anni;
1415 3903 1460 3948 ex

330 3995 515 4057 itineribus
531 3995 860 4066 commissariorum,
883 4012 901 4057 e
929 3995 1044 4056 lavore
1074 4012 1141 4072 qua
1164 3995 1330 4055 cadomus
1361 4011 1459 4054 suam

248 4093 252 4098 ”
332 4101 600 4166 Universitatern
617 4101 765 4174 fovebat,
783 4102 880 4163 ortus
896 4103 971 4162 erat
984 4101 1040 4161 hic
1051 4101 1186 4162 rotulus
1198 4089 1459 4161 beneficiorum.

331 4208 493 4286 Corporis
521 4209 625 4269 rebus
649 4207 827 4286 provisum
853 4209 939 4278 erat,
970 4205 1087 4267 invitis
1113 4204 1459 4282 Rotbomagensibus,

334 4314 436 4392 Regi-s
452 4315 488 4375 et
508 4314 735 4394 burgensium
754 4329 879 4392 opera3
896 4315 1000 4376 rebus
1016 4311 1121 4374 animi
1138 4328 1228 4384 nunc
1245 4311 1463 4373 Parlamento

274 4500 276 4505 ³
333 4419 597 4518 providendum.

382 4625 403 4672 l.
420 4625 449 4674 13
466 4624 532 4674 aoflt
550 4623 619 4683 1583,
643 4621 823 4674 Ordounauce
842 4621 876 4672 de
899 4621 992 4672 Pierre
1008 4621 1034 4671 le
1056 4619 1152 4670 lumel.
1165 4618 1259 4680 (Arcb.
1281 4618 1364 4681 Calo,
1380 4619 1414 4680 D,
1428 4621 1467 4682 50,

338 4701 410 4764 add,
423 4720 452 4764 11,
464 4702 503 4753 ed.
517 4704 612 4764 Β61161,
625 4718 642 4766 1,
657 4703 721 4764 318.)

382 4785 404 4832 2.
422 4783 615 4833 informatione
641 4797 690 4846 par
715 4781 771 4832 Nos
799 4781 944 4844 Seigneurs
965 4780 1002 4830 du
1023 4780 1178 4831 Parlement
1205 4777 1253 4829 des
1279 4779 1347 4828 abus
1371 4779 1417 4841 qui
1438 4794 1468 4828 se
1646 4811 1656 4839 Ι

337 4863 530 4914 commetoient
544 4861 612 4934 dana
627 4861 681 4913 lad.
698 4861 862 4912 Universite.
877 4858 972 4924 (Arcb.
988 4859 1073 4920 dala,
1089 4859 1122 4920 D,
1136 4861 1174 4920 50,
1185 4858 1223 4908 ed.
1240 4860 1335 4919 Benet
1349 4874 1369 4919 1,
1383 4860 1432 4919 83.)

803 5085 1014 5100 m
