3950 5975
1005 662 1176 723 ,26-

534 820 633 895 cujus
662 818 740 881 octo
768 819 828 881 ant
846 834 970 882 novem
991 819 1095 883 libras
1129 823 1228 885 erant
1249 822 1284 885 in
1307 820 1464 885 manibus
1488 821 1581 889 Petri
1607 820 1661 883 de

535 923 787 996 Lesnauderie3
812 925 854 987 de
871 926 989 986 cetero
1007 927 1216 989 exsolvendo
1233 928 1453 991 medietatem
1471 944 1515 989 ex
1529 926 1662 989 aerario

535 1046 597 1091 suo
617 1030 830 1103 Universitas
860 1032 1108 1111 suppeditaret,
1125 1034 1269 1095 a'teram
1288 1034 1421 1113 jurium
1443 1034 1629 1111 collegium
1651 1048 1662 1104 ;

530 1136 715 1216 horologio
731 1139 936 1215 expectante
959 1138 1139 1217 clepsydra
1152 1140 1276 1218 cuique
1292 1140 1430 1223 regenti
1445 1140 1479 1201 in
1494 1140 1665 1201 cathedra

536 1242 678 1303 daretur
696 1243 716 1303 ¹.

1076 1456 1118 1519 Vl

595 1705 696 1766 curia
717 1705 861 1785 prandia
890 1722 1074 1785 coenasque
1100 1725 1175 1787 quae
1213 1709 1394 1787 quondam.
1429 1708 1464 1769 10
1503 1705 1659 1785 qualibet

536 1812 728 1884 occasione,
753 1812 1024 1889 jnrisconsultos
1056 1815 1114 1875 aut
1140 1814 1321 1893 theologos
1357 1814 1583 1884 delectabant,
1620 1813 1659 1873 01

537 1918 733 1997 frequentia
755 1920 951 1981 examinum
972 1920 1133 1983 oneraria
1162 1923 1261 1983 erant
1295 1920 1520 1992 scholaribus
1547 1920 1659 1980 abole-

535 2027 654 2098 verat3
681 2026 845 2103 quosdam
873 2029 987 2088 autem
1012 2028 1110 2089 ludos
1136 2045 1222 2106 quos
1246 2029 1424 2090 studentes
1441 2028 1476 2087 in
1500 2026 1560 2087 illo
1585 2041 1657 2085 aevo

537 2133 735 2210 diligebant,
756 2134 975 2195 exterminat.
1004 2133 1147 2195 Statutis
1172 2136 1287 2197 autem
1312 2134 1473 2197 nocturni
1500 2133 1656 2194 incessus

536 2241 754 2303 arcebantur.
791 2242 826 2301 et
862 2241 1159 2319 frequentationes
1196 2242 1365 2313 ludorum,
1390 2242 1523 2319 palmae,
1554 2238 1658 2317 tapil-

538 2347 650 2407 lorum
679 2348 714 2407 et
743 2346 904 2409 similium
937 2347 1202 2410 distrahentium
1236 2366 1255 2409 a
1293 2348 1405 2409 studio
1420 2346 1443 2409 ².
1483 2345 1655 2415 Quomodo

537 2453 692 2514 riderent
716 2438 896 2532 aliquando
917 2454 953 2514 hi
973 2452 1138 2532 juvenest
1161 2458 1236 2516 Non
1262 2456 1423 2534 poteraut
1442 2469 1578 2533 quoque
1602 2450 1655 2512 dia

537 2559 572 2619 in
602 2576 752 2622 scoenam
776 2560 902 2621 baillivi
931 2562 1082 2638 legatum
1115 2561 1267 2623 trahere.
1299 2565 1336 2622 ln
1360 2562 1459 2640 prato
1497 2558 1592 2621 urbis
1623 2558 1656 2618 et

539 2665 689 2727 fluminis
712 2667 906 2745 propinquo
923 2668 1097 2739 ludebant,
1121 2668 1180 2729 ubi
1199 2668 1321 2729 incolae
1344 2666 1571 2729 ambulabant..
1594 2664 1657 2726 Sed

539 2772 580 2834 de
596 2772 664 2833 illis
679 2773 767 2834 ludis
783 2774 968 2835 evaseruut
984 2775 1113 2853 aliquot
1134 2792 1257 2853 pugnae
1273 2792 1350 2835 cum
1368 2774 1479 2857 plebe,
1498 2788 1657 2851 magnum

539 2881 574 2939 et
596 2879 829 2957 periculosum
854 2882 1063 2956 scandalum,
1086 2881 1238 2959 quamvis
1258 2882 1422 2943 Oadomus
1447 2879 1586 2941 omnino
1611 2877 1659 2937 ita

539 2985 705 3048 scholaris
720 2989 803 3049 urbs
820 2987 1025 3050 videreturi.
1040 2991 1205 3050 Rectores
1222 2989 1451 3051 decreverant
1473 2984 1658 3066 prohibero

538 3111 582 3155 ne
607 3110 726 3155 omnes
747 3095 857 3170 jurati
890 3096 924 3156 et
945 3112 1012 3156 non
1031 3095 1140 3172 jurati
1168 3096 1202 3156 in
1227 3095 1335 3174 pratis
1366 3112 1402 3156 se
1433 3091 1658 3155 immiscendo

539 3217 615 3262 cum
645 3224 662 3256 «
687 3202 885 3278 vulgaribus
913 3202 1115 3264 »luderent
1140 3205 1198 3264 aut
1223 3198 1547 3264 communicarent
1574 3198 1659 3266 Quid

539 3308 665 3378 autern,
694 3323 760 3384 quo
790 3309 890 3370 modo
915 3308 1124 3370 scholarium
1158 3308 1262 3369 animi
1291 3306 1594 3368 distraherentur?
1620 3308 1658 3365 ln

538 3414 708 3492 aliquibus
733 3414 888 3492 collegiis
921 3415 1052 3477 musica
1074 3415 1357 3477 interdicebatur.
1379 3412 1545 3474 Prandiat
1570 3411 1657 3472 heu!

536 3521 646 3598 pluris
662 3523 864 3582 constabant
881 3539 981 3600 qnam
1001 3523 1036 3582 ut
1052 3522 1261 3588 adamarent.
1280 3523 1398 3600 ltaque
1416 3521 1522 3582 multo
1542 3519 1662 3580 delec-

537 3627 655 3688 tabant
666 3628 820 3706 quaedam
832 3628 1009 3700 solemnia,
1022 3628 1057 3688 in
1069 3628 1174 3690 certis
1191 3628 1300 3700 iestis,
1318 3628 1444 3688 sanctae
1456 3610 1655 3699 Gatharinae,

539 3734 648 3794 sancti
675 3734 818 3809 Nicolai,
838 3739 969 3812 Regum
988 3734 1084 3796 feriis
1098 3752 1105 3807 ;
1121 3736 1196 3796 tum
1213 3736 1319 3796 saltus
1336 3735 1436 3796 erant
1451 3733 1487 3800 in
1502 3729 1659 3808 collegiis

539 3840 597 3918 qni
619 3842 830 3902 vocabantur
853 3841 993 3904 choreae
1015 3843 1070 3904 vel
1096 3841 1268 3920 l'ripudia‚
1287 3839 1461 3902 comoediae
1484 3841 1519 3903 et
1546 3853 1658 3902 scenae

539 3964 614 4024 quae
629 3947 728 4008 tarsae
752 3947 964 4010 dicebantur.
983 3950 1052 4010 Illae
1077 3949 1212 4010 choreae
1229 3948 1457 4010 numerantur
1478 3947 1512 4008 et
1531 3942 1660 4006 descri-

394 4067 397 4070 ’
439 4090 441 4093 -
539 4054 666 4114 buntur
699 4056 738 4116 ab
768 4031 1204 4134 historicoBourgueville.
1245 4059 1282 4116 In
1325 4070 1460 4134 quoque
1499 4050 1658 4130 collegi0,

587 4275 608 4322 t.
627 4288 639 4320 ((
657 4274 761 4326 Minuta
777 4275 810 4326 de
822 4276 1005 4327 l'executoire.
1019 4293 1031 4325 n

585 4354 611 4401 ²2.
627 4353 736 4404 statuta
752 4357 819 4417 1439,
834 4359 866 4416 ἓξ
878 4359 916 4418 26,
930 4359 967 4416 27,
979 4357 1019 4417 28,
1034 4361 1061 4406 01
1077 4358 1142 4418 1151,
1161 4359 1192 4417 §5
1208 4357 1242 4417 18,
1260 4356 1298 4416 19,
1312 4356 1350 4416 211,
1366 4354 1406 4405 of.
1421 4355 1576 4413 Bouauonr,
1591 4352 1629 4404 72.

585 4436 608 4482 3.
621 4433 731 4483 Cnuvnr
753 4435 804 4497 (Le
821 4436 916 4500 college
931 4436 975 4485 dcc
993 4436 1085 4499 droth,
1103 4437 1145 4500 51)
1169 4437 1238 4486 falso
1254 4435 1359 4486 censuit
1373 4449 1511 4496 nunquam
1527 4431 1660 4483 notandas

538 4529 644 4576 pugnas
659 4520 732 4564 ortas
747 4530 807 4564 esse
817 4516 887 4565 inter
899 4518 1048 4579 burgenses
1066 4521 1093 4566 01
1106 4516 1242 4566 scholares
1253 4532 1314 4578 quae
1325 4505 1457 4579 cujusque
1469 4510 1661 4564 Universitatis

539 4609 604 4644 vere
622 4593 802 4644 hocnomine
820 4596 909 4659 dignae
931 4597 1070 4648 historiam
1088 4597 1213 4646 lustrant.
1232 4597 1274 4646 Ex
1292 4597 1343 4646 isto
1365 4596 1435 4646 falso
1451 4593 1553 4657 judicio
1578 4591 1662 4644 oritur

541 4672 600 4722 haec
614 4673 685 4724 falsa
698 4674 778 4738 hujus
794 4677 956 4726 venerabilis
971 4677 1089 4727 auctoris
1104 4677 1252 4726 conclusio:
1275 4695 1286 4720 (
1303 4676 1391 4726 Faute
1406 4675 1439 4726 de
1456 4675 1534 4736 rixae,
1546 4673 1662 4722 re'sultat

542 4754 649 4802 natural
662 4754 695 4803 de
710 4754 737 4803 la
758 4757 888 4817 presence
903 4758 970 4806 dans
986 4773 1035 4808 nos
1050 4773 1120 4818 rues,
1135 4757 1213 4808 d'nna
1231 4757 1357 4820 jeunesse
1372 4755 1528 4806 turbulente
1546 4758 1573 4804 01
1589 4767 1662 4802 nom-

544 4833 642 4882 brense
669 4833 791 4884 adonnee
826 4841 842 4884 a
873 4837 920 4898 des
947 4853 1045 4887 moeurs
1069 4839 1227 4900 etrangbres
1256 4853 1268 4885 n
1301 4841 1421 4886 nostram
1449 4833 1662 4884 Universitatem

544 4927 681 5041 nunquagm
691 4930 861 4965 numerosam
871 4918 1083 4980 populosamqne
1098 4916 1181 4967 101000
1196 4917 1301 4967 0000011
1312 4917 1359 4967 1110
1371 4915 1491 4980 scriptor.

590 4993 617 5039 4.
652 4993 725 5042 ’unct
739 4995 761 5055 Ι,
777 4996 797 5043 f⁰
807 4997 848 5045 50.
1328 5013 1329 5016 ’
