3950 5975
1001 731 1173 790 ..30-

534 892 648 951 autem
673 891 778 963 19999,
809 891 927 952 rector
951 906 1147 953 sermonem
1168 889 1245 951 iniit
1275 913 1292 947 «
1317 891 1494 954 bracteato
1516 892 1649 955 dicendi

532 997 700 1075 proluvio.
721 998 845 1059 Audita
880 999 996 1060 autem
1035 997 1164 1059 domini
1199 998 1383 1059 rectoralis
1423 999 1650 1071 oratiuncula,

533 1121 634 1183 quam
649 1104 835 1185 harangam
850 1107 985 1175 vocant,
995 1108 1075 1165 ‘Rex
1087 1105 1253 1183 gestiens,
1270 1104 1429 1183 benigna,
1444 1107 1534 1178 laeta,
1550 1106 1651 1168 hilari

531 1227 571 1271 ac
582 1212 789 1287 jucundiore
805 1212 931 1284 fronte,
956 1213 991 1273 in
1017 1213 1090 1274 hac
1110 1214 1216 1274 verba
1244 1211 1383 1291 erupit:
1414 1236 1432 1269 «
1449 1214 1646 1285 Messieurs,

528 1332 613 1378 vous
630 1336 730 1396 soyez
745 1320 795 1381 les
810 1322 882 1382 tres
898 1320 977 1383 bien
997 1322 1151 1390 trouver,
1170 1318 1231 1397 j’ai
1252 1320 1430 1396 tousjours
1451 1319 1519 1382 heu
1536 1322 1645 1384 bonne

530 1426 727 1503 reputation
756 1428 798 1489 de
826 1444 911 1490 vous
941 1428 976 1488 et
1004 1444 1044 1504 ay
1070 1443 1197 1489 encore
1225 1427 1266 1489 (19
1294 1428 1438 1506 present
1454 1426 1645 1491 meilleure.

527 1530 673 1592 Profitea
688 1534 724 1593 91
739 1532 904 1604 estudies,
920 1549 1005 1594 vous
1026 1548 1069 1593 ne
1086 1547 1139 1593 me
1153 1532 1306 1607 scauriez
1333 1522 1418 1594 iaire
1439 1534 1517 1611 plus
1537 1534 1643 1613 grand

527 1635 647 1713 plaisir
659 1654 666 1709 ;
679 1638 810 1715 j'orrey
822 1640 921 1700 voire
936 1638 990 1698 fils
1007 1639 1120 1716 quand
1134 1637 1158 1697 il
1176 1654 1261 1699 vous
1277 1637 1417 1716 plana»
1432 1638 1451 1701 ¹.

591 1745 674 1807 Dein
692 1750 765 1808 Rex
778 1745 964 1807 Theatrum
979 1745 1105 1807 forium
1121 1744 1329 1807 Milletarum
1343 1744 1431 1819 iniit,
1452 1769 1470 1802 «
1487 1747 1521 1809 91
1545 1764 1566 1823 y
1592 1747 1642 1807 lut

526 1845 625 1920 entre
648 1855 683 1916 et
706 1870 813 1928 99999
834 1853 893 1914 (199
920 1852 1032 1913 sieurs
1056 1855 1299 1914 Gouverneurs
1319 1851 1361 1913 (19
1378 1852 1412 1913 19
1433 1852 1513 1914 ville
1529 1875 1556 1914 ».
1577 1854 1642 1915 Sed

525 1967 623 2042 juxta
663 1961 778 2022 Sancti
818 1960 984 2021 iohannis
1016 1958 1209 2031 ecclesiam,
1248 1957 1379 2020 invenit
1416 1982 1435 2017 a
1464 1977 1510 2022 uu
1546 1962 1643 2022 autre

526 2071 735 2151 magnifique
752 2067 923 2146 spectacla
945 2067 981 2127 et
1005 2066 1161 2127 theastre
1185 2082 1245 2127 sur
1268 2066 1382 2145 lequel
1405 2066 1509 2128 estoit
1524 2071 1645 2146 repre-

525 2183 625 2242 99919
650 2194 697 2240 un
714 2178 799 2237 beau
827 2176 861 2235 et
885 2172 1034 2252 plaisant
1053 2171 1181 2248 jardin,
1198 2189 1241 2234 au
1265 2172 1520 2252 mitanduquel
1541 2174 1644 2235 estoit

525 2283 970 2359 esleveeunesomptueuse
982 2279 1135 2341 fontaine
1147 2278 1203 2358 qui
1215 2278 1645 2358 continuellementjettoit

523 2398 609 2457 eane
631 2368 849 2454 contrement
868 2404 933 2465 par
959 2386 1037 2464 cinq
1053 2388 1182 2462 tuyaux
1198 2388 1359 2463 argentea
1379 2386 1438 2465 qui
1463 2390 1644 2465 servoyent

524 2516 614 2579 pour
627 2513 768 2560 arroser
782 2511 821 2557 ce
832 2493 959 2571 jardin,
979 2493 1020 2553 de
1037 2494 1130 2553 sorte
1147 2509 1213 2570 que
1234 2510 1298 2572 par
1313 2494 1345 2555 la
1359 2493 1497 2572 liqueur
1511 2495 1641 2556 d'icelle

522 2604 737 2681 croissoyent
748 2604 782 2664 et
798 2599 1031 2677 fructifioyent
1046 2600 1088 2660 de
1104 2600 1215 2661 beaux
1234 2599 1338 2677 petits
1351 2602 1469 2663 arbres
1483 2602 1640 2681 portante

522 2712 697 2793 plusieurs
723 2724 866 2787 especes
882 2708 923 2768 de
945 2706 1059 2777 199119,
1076 2710 1096 2767 a
1116 2705 1215 2767 l‘aide
1237 2706 1337 2769 d'une
1353 2708 1441 2769 belle
1453 2710 1560 2785 jeune
1572 2708 1640 2770 fille

522 2825 643 2882 vestue
665 2818 706 2879 (19
736 2817 850 2876 damas
874 2813 1079 2890 cliangeant,
1109 2814 1352 2891 representant
1376 2815 1486 2875 Pallas
1507 2800 1552 2877 ou
1575 2814 1641 2876 Mi-

523 2944 640 3002 nerve,
657 2923 816 3004 laquelle,
833 2922 972 2999 lorsque
993 2920 1024 2980 19
1052 2923 1123 2997 Roy
1136 2922 1226 2997 jetta
1245 2937 1283 2981 sa
1301 2924 1388 2983 veuit
1410 2939 1470 2982 sur
1484 2938 1524 2983 ce
1541 2937 1642 3001 spec-

523 3036 623 3106 19919,
650 3033 715 3094 9119
732 3032 788 3106 luy
812 3029 947 3090 montra
969 3045 1016 3088 un
1035 3028 1101 3090 bon
1123 3029 1266 3090 nombre
1289 3028 1497 3090 d’estudians
1523 3029 1580 3108 qui
1605 3047 1643 3091 se

521 3141 739 3216 delectoyent
755 3142 775 3197 a
797 3135 944 3197 cultiver
958 3152 998 3196 ce
1010 3134 1137 3212 jardin,
1155 3136 1258 3195 soubs
1279 3135 1396 3213 espoir
1411 3135 1486 3198 d'en
1503 3136 1598 3198 avoir
1613 3137 1646 3199 19

521 3247 637 3315 iruict‚
664 3251 683 3306 a
699 3261 787 3323 quoy
802 3242 844 3303 ils
862 3242 1010 3304 estoieut
1026 3241 1228 3319 empeschez
1243 3258 1307 3319 par
1322 3259 1452 3304 aucuns
1469 3244 1611 3321 prelats.
1627 3265 1645 3299 ›>

520 3348 1640 3434 apologumautemintelligis«Lequeltheastre,inquildeBras,

522 3462 611 3523 avait
631 3462 686 3520 919
703 3459 822 3519 (199999
842 3473 932 3534 pour
949 3457 1156 3516 monstrarat
1171 3459 1202 3516 S.
1221 3459 1263 3515 M.
1283 3456 1383 3534 qu'en
1404 3475 1441 3518 sa
1455 3456 1545 3518 dicte
1559 3457 1641 3518 ville

520 3570 562 3630 (19
575 3571 675 3638 Gaen,
691 3580 712 3641 y
728 3564 818 3625 avoit
831 3562 1028 3624 Universite'
1044 3562 1121 3624 bien
1138 3562 1254 3624 (191199
1272 3562 1313 3624 (19
1327 3563 1533 3641 previlleges
1549 3565 1583 3624 et
1598 3564 1641 3625 (19

521 3676 599 3754 cinq
623 3674 768 3734 facultez
793 3671 1039 3748 representem
1063 3686 1126 3748 par
1149 3669 1289 3731 lesdicts
1308 3669 1386 3749 cinq
1406 3678 1532 3756 luyaux
1546 3671 1588 3732 (19
1607 3672 1642 3732 la

520 3781 685 3845 fontaine.
698 3778 890 3857 Toutesfois
903 3777 1640 3856 9199919999196199919991111991,1199’99

518 3889 669 3969 peuvent
685 3886 780 3948 avoir
792 3886 825 3946 19
837 3875 977 3946 fruict...
991 3886 1138 3960 yestans
1155 3883 1356 3962 empeschez
1365 3902 1428 3963 par
1438 3886 1488 3946 les
1504 3886 1638 3947 Prelats

522 3998 564 4058 de
574 3998 604 4056 N
607 3991 842 4057 eumaudiei».
855 3994 926 4059 Quo
939 3990 1055 4052 subtili
1070 3991 1227 4069 apologo,
1241 3992 1278 4052 ut
1289 3991 1324 4054 in
1335 3993 1456 4054 urbem
1470 3991 1643 4070 ingredie-

520 4104 632 4173 batur,
649 4100 761 4162 Patris
778 4099 973 4160 litterarum
991 4097 1141 4159 animum
1157 4098 1371 4160 Universitas
1387 4097 1586 4162 intendebat
1601 4100 1646 4160 ad

520 4208 697 4288 negotium
717 4224 794 4268 cum
810 4204 965 4266 Praelatis
981 4203 1146 4266 habitum.
1164 4207 1249 4266 Dum
1267 4209 1340 4267 Rex
1355 4203 1489 4267 Gadomi
1504 4205 1644 4281 mansit,

519 4317 651 4379 nullum
670 4315 804 4376 modum
825 4310 976 4390 neglexit
995 4311 1032 4373 ut
1048 4311 1114 4374 hoc
1129 4312 1307 4390 negotium
1323 4313 1398 4391 regi
1418 4314 1643 4392 proponeret.

519 4521 578 4583 9116,
592 4524 671 4570 vestu
697 4517 858 4568 d'escarlate
883 4531 975 4578 rouge,
996 4530 1132 4577 avocques
1154 4531 1185 4565 aa
1211 4515 1643 4581 9119999199191919999119991

516 4603 557 4652 les
571 4602 682 4663 Doyens
697 4603 725 4648 et
742 4598 875 4647 Docteurs
889 4595 922 4645 de
936 4596 1094 4659 Theologie,
1106 4596 1198 4646 Droita
1215 4596 1308 4647 Canon
1327 4603 1355 4647 91
1367 4594 1442 4658 eivil,
1451 4597 1594 4648 Medeeine
1609 4605 1639 4648 et

517 4681 643 4741 1996119,
663 4693 798 4740 avecques
819 4677 891 4726 leurs
907 4674 1025 4740 chappes
1048 4675 1209 4726 Doctorales
1233 4681 1261 4726 et
1283 4677 1456 4740 Magistrales
1475 4677 1567 4741 suyvis
1586 4693 1636 4741 par

517 4763 579 4823 cinq
600 4776 634 4811 ou
653 4759 694 4808 six
717 4764 793 4808 conte
815 4756 941 4807 escoliers
968 4771 1002 4806 en
1029 4755 1089 4805 leur
1114 4757 1200 4806 ordre.
1221 4772 1233 4805 n
1260 4757 1345 4818 Quem
1366 4771 1505 4808 numerum
1529 4759 1634 4821 justum

515 4842 645 4891 habemus
655 4857 662 4900 3
674 4854 743 4897 nam,
754 4843 853 4901 praeter
861 4837 975 4900 juratos,
990 4852 1043 4886 non
1057 4835 1150 4900 jurati,
1165 4836 1339 4900 collegiorum
1354 4837 1486 4901 discipuli,
1498 4837 1633 4890 numerari

515 4921 622 4972 debent.
664 4968 674 4974 „

562 5003 585 5050 l.
603 4999 698 5059 Cobet,
710 5014 739 5059 11,
752 4998 774 5047 f⁰
786 4998 836 5047 lli.

562 5082 584 5130 2.
601 5097 637 5130 99
650 5081 731 5140 Bane,
749 5095 795 5143 op.
816 5078 933 5139 911.,3(”)6.
