3950 5975
730 796 981 856 x-39-

337 956 452 1017 raldns
468 953 716 1034 respondisset,
736 952 834 1015 illum
857 970 935 1018 esse
951 954 1126 1017 doctorem
1148 954 1183 1015 in
1208 950 1453 1031 sacrapagina,

334 1062 394 1142 qni
427 1061 577 1135 Parisiis,
595 1061 769 1139 praesente
796 1060 940 1123 Domina·
967 1062 1107 1140 Regina,
1139 1060 1307 1141 qnondam
1331 1058 1454 1137 praedi-

336 1168 487 1241 cabat‚iu
503 1169 617 1229 aulam
631 1171 705 1229 Rex
718 1184 912 1245 regressus
930 1169 965 1230 in
977 1186 1045 1247 qna
1058 1168 1286 1248 professores,
1299 1168 1337 1227 ut
1349 1165 1454 1245 periti

330 1276 393 1356 ,qui
408 1275 557 1356 pretium
572 1274 741 1353 temporis
765 1277 1030 1353 cognoscebant,
1052 1293 1127 1337 cum
1146 1273 1266 1336 aulicis
1283 1272 1451 1351 aliquibus

335 1384 376 1445 de
403 1382 474 1445 suis
504 1382 653 1459 negotiis
681 1382 922 1460 loquebantur,
949 1384 1018 1444 alta
1038 1399 1123 1444 voce
1151 1381 1261 1443 dixit:
1295 1401 1309 1437 a
1325 1382 1451 1442 Nostre

334 1490 476 1552 Maistre
491 1490 523 1551 le
551 1490 625 1560 Rat,
650 1489 823 1566 j’entends
848 1508 913 1569 que
939 1507 1043 1567 aveys
1062 1490 1104 1551 de
1130 1490 1242 1551 bonne
1265 1466 1450 1560 doctrine;

334 1598 390 1675 foy
414 1596 456 1659 de
483 1596 742 1675 gentilhomma,
765 1612 851 1658 vous
875 1596 1078 1674 prescherea
1111 1595 1299 1673 dymenche
1328 1595 1452 1657 devant

333 1704 423 1778 moi„
439 1721 481 1765 en
503 1706 535 1765 la
559 1704 658 1766 mode
683 1704 724 1765 de
747 1705 858 1770 court,
876 1703 955 1765 brai
968 1703 988 1763 ⁴.
1007 1726 1024 1759 »
1049 1705 1173 1765 Postea
1198 1706 1271 1764 Rex
1289 1686 1452 1764 renatum

331 1811 509 1889 profectus
525 1812 589 1873 est.
1442 1880 1447 1891 Ι

393 1918 595 1979 Franciscus
623 1917 738 1979 autem
762 1918 871 1978 solum
890 1934 1058 1977 amoenum
1079 1917 1222 1977 verbum
1238 1913 1449 1989 enuntiabat,

333 2027 371 2086 ut
397 2042 458 2104 per
479 2024 606 2085 itinera
630 2024 808 2102 Principes
831 2024 981 2085 libenter
997 2023 1195 2101 loquuntur.
1219 2022 1283 2083 Sed
1303 2022 1336 2081 in
1361 2022 1449 2097 aula,

332 2132 431 2194 multi
447 2133 546 2193 erant
566 2130 624 2210 qui
642 2130 866 2192 Universitati
880 2129 1081 2191 cadomensi
1093 2130 1248 2191 faverent
1270 2131 1358 2190 bono
1379 2127 1451 2207 qui-

329 2240 408 2301 dem
433 2238 559 2301 animo.
580 2241 627 2299 De
643 2254 710 2315 quo
727 2235 896 2298 certiores
919 2236 1001 2297 iacti
1026 2252 1144 2297 sumus
1170 2252 1189 2295 a
1210 2235 1369 2305 Rectore,
1392 2233 1450 2311 qni

331 2346 530 2425 episcopum
546 2344 713 2407 Bellainm
729 2344 876 2414 maxime
897 2361 917 2404 a
938 2342 1033 2421 Rege
1049 2342 1226 2420 cognitum
1250 2342 1368 2401 narrat
1387 2356 1450 2418 per

329 2454 510 2533 prandium
525 2453 614 2532 qnod
628 2452 836 2513 audientiam
852 2451 1088 2519 antecedebat,
1101 2450 1141 2511 dc
1153 2448 1384 2525 Universitate
1401 2448 1450 2507 sio

331 2562 484 2623 locutum
511 2576 610 2623 esse:
630 2580 644 2615 a
662 2559 752 2638 quod
767 2559 953 2638 praestabat
969 2556 1193 2619 Universitati
1216 2554 1403 2616 Parisieusi
1418 2576 1447 2625 »,

331 2670 366 2731 et
383 2669 523 2730 *Rector
544 2665 767 2734 curatissime
780 2665 891 2738 addit:
914 2687 931 2721 «
947 2668 986 2725 nt
1002 2664 1068 2726 hoc
1084 2662 1168 2727 mihi
1183 2667 1216 2725 et
1232 2662 1307 2723 aliis
1328 2662 1449 2729 docto-

331 2776 424 2837 ribus
442 2775 559 2837 retulit
578 2772 868 2852 generosissimus
892 2772 946 2833 vir
967 2770 1122 2833 dominns
1143 2771 1184 2831 de
1205 2771 1320 2832 Hotot.
1338 2768 1449 2847 pistor

331 2882 530 2963 regius,qni
552 2900 630 2944 cnm
655 2882 775 2944 aulicis
804 2881 891 2942 mira
921 2881 956 2942 et
984 2878 1178 2941 incredibili
1207 2876 1448 2939 benevolentia

330 2993 426 3055 nobis
439 2991 583 3062 favebat,
598 2989 744 3051 maxime
758 2990 889 3067 praetor
904 2984 1134 3058 GadomensiS,
1152 3002 1254 3064 quem
1274 2982 1446 3046 baillivum

328 3100 461 3171 vocant,
479 3097 636 3159 domiuus
654 3097 823 3174 d’Allegre
839 3096 875 3157 ct
890 3094 1050 3155 similiter
1074 3092 1231 3154 dominns
1254 3090 1446 3152 vicecomes

327 3205 557 3275 Cadomensis‚
575 3204 630 3267 cui
646 3220 770 3266 nomeu
790 3204 843 3265 est
859 3202 900 3263 de
917 3205 1075 3262 Benvron
1092 3222 1108 3255 »
1124 3198 1146 3259 ².
1173 3200 1224 3260 lta
1245 3214 1305 3259 seu
1319 3197 1445 3259 litteris

327 3312 492 3376 delectari
501 3310 787 3382 viderivolebant,
796 3326 858 3371 sen
868 3307 1092 3370 Universitati
1101 3325 1175 3385 quae
1188 3323 1265 3366 cnm
1274 3303 1445 3384 episcopis

326 3421 510 3499 pugnabat,
526 3419 693 3492 favebant,
712 3435 773 3479 seu
790 3417 879 3478 male
895 3433 979 3493 erga
994 3413 1259 3476 llniversitatem
1276 3411 1445 3472 Parision-

327 3547 400 3591 sem
415 3527 555 3589 animati
572 3527 681 3597 erant,
700 3525 857 3587 aemulam
872 3523 1116 3585 cadomensem
1132 3519 1313 3581 laudabant
1328 3518 1441 3580 aulici.

384 3635 614 3697 cancellarius
639 3635 769 3703 autem,
797 3629 1099 3693 reverentissimus
1132 3626 1289 3689 dominus
1317 3625 1444 3690 Antho-

325 3743 401 3804 nius
417 3761 438 3803 a
454 3742 567 3812 Prata,
577 3741 711 3820 legatus
723 3740 862 3801 alatere
878 3738 913 3806 et
928 3735 1136 3798 senonensis
1150 3731 1440 3812 archiepiscopus,
1496 3757 1497 3760 ¹

324 3851 365 3910 ad
390 3866 492 3928 quem
520 3852 605 3917 Rex,
629 3845 745 3908 Sancti
778 3843 941 3923 Stephani
972 3841 1124 3904 coenobio
1155 3856 1230 3902 eam
1254 3837 1438 3916 recipiens,

323 3955 590 4017 Universitatem
606 3952 793 4021 dimiserat,
819 3949 986 4030 postridie
1002 3946 1271 4010 Universitatem
1292 3945 1436 4022 recepit.

323 4065 452 4126 Rector
476 4061 693 4124 oratiuncula
723 4060 868 4139 quadam
904 4074 983 4118 eum
1023 4054 1202 4125 salutavit;
1231 4069 1297 4131 qua
1327 4052 1442 4112 audita

323 4169 521 4250 respondit:
546 4192 563 4225 «
589 4166 709 4235 Audivi
739 4166 932 4228 orationem
954 4163 1106 4224 vestram
1135 4157 1438 4238 elegantissimam,

323 4279 448 4340 iratres
466 4275 702 4346 amantissimi,
719 4274 824 4335 talem
839 4273 975 4351 qualem
991 4286 1055 4347 ego
1081 4284 1149 4328 non
1169 4283 1309 4345 possem
1325 4265 1439 4330 facere

321 4386 636 4464 extemporaneam.
659 4383 782 4443 Orator
797 4381 914 4442 vester
934 4377 999 4438 scit
1019 4375 1098 4454 quid
1121 4373 1267 4435 dixerim
1288 4371 1337 4432 illi
1351 4372 1437 4451 apud

370 4666 389 4713 l.
406 4662 494 4711 Ratun
517 4659 617 4710 etenim
638 4657 770 4709 dominica
792 4656 835 4706 die
856 4659 997 4716 sequente,
1015 4653 1043 4701 in
1065 4650 1158 4701 Sancti
1181 4646 1282 4710 Georgi
1312 4645 1437 4699 ecclesia,

220 4746 225 4758 ¹
319 4734 406 4794 sitain
416 4741 542 4802 Castesso,
555 4739 712 4804 praedicarit
727 4753 817 4788 coram
823 4737 908 4798 Rege,
921 4749 1001 4796 quem
1016 4732 1122 4784 omnino
1131 4727 1293 4789 delectavit3
1309 4733 1343 4787 et,
1357 4741 1438 4788 quum

320 4812 492 4874 Admitaldus
509 4827 642 4873 oratorem
656 4819 726 4882 Regi
742 4823 773 4867 ut
788 4818 920 4867 salutaret
931 4813 1111 4865 ostendebat:
1130 4829 1141 4856 a
1155 4810 1253 4860 Nostre
1267 4807 1388 4868 Maistre,
1400 4806 1438 4855 ait

322 4905 388 4967 Rex,
400 4905 429 4968 je
441 4919 508 4954 rous
524 4916 671 4964 remercye,
683 4916 750 4949 vous
760 4898 877 4960 m'avoys
890 4896 953 4945 bien
964 4895 1091 4945 contente
1099 4910 1104 4955 ;
1113 4907 1179 4942 vous
1194 4889 1295 4938 m’avez
1310 4886 1437 4938 contente

321 4985 455 5045 edouble,
469 4989 559 5035 nostre
571 4982 691 5041 Maistre,
700 4981 729 5043 je
741 4995 807 5029 rous
819 4976 956 5044 remercie.
974 4995 985 5020 a
1005 4973 1110 5036 (Oonct,
1125 4972 1173 5021 loc.
1185 4969 1238 5034 cit.)
1361 5043 1362 5048 1

366 5074 391 5124 2.
411 5072 524 5124 Messire
536 5071 655 5131 Gabriel,
665 5070 738 5120 sieur
751 5074 779 5118 et
793 5068 878 5118 beron
890 5065 1035 5128 d'Allegre,
1050 5061 1196 5112 chevallier
1209 5064 1235 5110 et
1245 5056 1436 5123 gentilhomme

321 5155 355 5206 de
367 5153 394 5205 la
411 5153 543 5205 Chambre
556 5151 592 5203 du
608 5147 916 5222 Roy,Baillydean1a
931 5146 982 5198 (De
996 5145 1069 5214 Bran
1084 5143 1159 5210 175).ι
1202 5220 1206 5225 Ι
1272 5210 1273 5213 ¹
