3950 5975
768 705 940 767 ..45ῌ

296 865 331 926 in
353 866 516 928 facultate
536 864 722 933 Medicinae,
740 882 808 945 qua
821 866 944 944 postea
968 866 1171 929 claruerunt
1184 863 1417 945 llalechamps,

295 973 445 1035 famosus
473 972 619 1051 Lugdini
653 960 833 1043 medicus(
860 972 1013 1035 Marinus
1053 971 1188 1051 Viquet‚
1230 972 1418 1059 Beroaldus

296 1083 445 1158 Maroga,
462 1080 671 1142 Bremontus
682 1060 983 1141 claromontensis

355 1188 406 1248 Ita
421 1205 526 1267 quum
549 1186 705 1265 collegia,
724 1204 826 1265 quum
854 1185 1046 1248 doctrinam
1069 1186 1317 1266 scientiamque
1335 1204 1420 1267 pro-

296 1294 467 1356 fessorum
507 1292 750 1356 Universitatis
792 1293 950 1371 adspicis,
991 1293 1155 1371 intelligis
1189 1310 1251 1355 cur
1284 1296 1418 1356 tantum

205 1485 207 1489 ι
297 1400 497 1462 dadomensi
513 1400 737 1462 Universitati
761 1399 917 1463 faverent
938 1401 973 1462 et
994 1400 1210 1462 Admiraldus
1232 1400 1361 1463 Chabot
1383 1402 1419 1463 et

300 1507 482 1587 episcopus
497 1507 659 1571 Bellaius

359 1614 547 1678 Renovatio
559 1614 666 1693 igitur
680 1614 715 1675 io
728 1612 929 1676 cadomensi
942 1612 1174 1676 Universifate
1186 1616 1221 1677 et
1231 1614 1418 1677 incadomo

299 1721 374 1801 ipso
397 1722 497 1793 luxit,
523 1729 556 1785 et
579 1722 675 1784 recte
696 1721 798 1791 dicet,
816 1722 958 1785 finiente
983 1724 1121 1794 saeculo,
1142 1722 1319 1801 professor
1336 1725 1419 1784 tunc

299 1830 448 1891 famosus
478 1826 655 1891 Medicinae
680 1829 865 1905 facultatis,
891 1831 1040 1892 lacobus
1069 1828 1318 1907 dahagnesius:
1336 1852 1354 1885 <‹
1370 1833 1419 1889 Ex

299 1938 414 2001 autem
427 1937 585 2015 tempore
607 1936 681 1997 haec
700 1934 846 1998 celebris
867 1936 1049 1999 Academia
1074 1935 1275 1998 innumeros
1291 1936 1326 1997 in
1352 1936 1419 1997 sin·
1519 2005 1521 2012 y

300 2042 388 2123 gulis
415 2043 545 2105 artibus
560 2042 737 2122 principes
756 2042 961 2122 protulerat,
974 2043 1044 2122 qui,
1057 2043 1244 2106 excellenti
1267 2043 1418 2122 ingenio,
1467 2094 1470 2100 ,

301 2150 371 2211 acri
384 2149 516 2227 jndicio
535 2155 569 2212 et
582 2149 766 2212 nobilitata
781 2149 986 2212 eruditionis
1012 2149 1185 2229 auspicari
1200 2162 1238 2211 se
1258 2151 1419 2214 strenuos
1485 2221 1491 2234 „

301 2259 335 2319 ct
362 2255 508 2320 invictos
538 2256 643 2319 duces
671 2256 707 2319 in
733 2256 928 2321 litterarum
951 2256 1117 2335 dignitate
1132 2258 1368 2319 conservanda
1386 2259 1421 2320 et

299 2363 537 2443 amplificanda
557 2362 808 2442 praestiterunt,
839 2363 998 2425 barbaria
1019 2366 1054 2425 et
1077 2363 1284 2443 ignorantia,
1310 2364 1421 2427 infen-

301 2470 445 2533 sissimis
461 2470 655 2532 litterarum
677 2470 844 2543 hostibus,
861 2472 982 2550 procul
1006 2471 1046 2532 ab
1069 2469 1135 2534 hoc
1157 2487 1265 2549 regno
1288 2472 1421 2534 Acade-

302 2576 390 2641 mico
406 2578 558 2657 depulsis
572 2579 592 2639 ¹.
613 2599 627 2634 a

350 2801 370 2849 l.
387 2799 412 2849 J.
430 2799 627 2862 Conlaudatus,
636 2797 664 2849 J.
676 2798 789 2849 Raaelii
803 2796 893 2848 oratio
906 2798 1035 2860 funebria.
