3950 5975
798 767 950 827 ..3-

371 925 645 995 SixtusQuartus
659 926 853 989 autemnon
866 926 981 989 minus
993 928 1074 990 iavit
1091 928 1314 992 Universitati
1329 948 1430 1009 quam

313 1034 394 1098 Pius
413 1033 695 1114 Secundus.,148l
720 1048 823 1106 anne,
835 1036 914 1111 ejus
930 1035 1065 1112 legatus
1080 1035 1261 1097 cardinalis
1275 1040 1292 1097 J
1297 1037 1431 1099 elianus

315 1141 387 1221 (qui
406 1140 481 1219 ipse
499 1138 608 1201 lulius
632 1139 809 1201 Secundus
830 1157 919 1219 papa
937 1141 1113 1221 posterius
1135 1142 1208 1219 fuit)
1229 1143 1432 1221 petitionem

315 1264 389 1327 quae
409 1246 442 1308 ei
462 1240 652 1316 erectore,
674 1245 872 1307 doctoribus
897 1248 933 1308 01
956 1246 1170 1310 scholaribus
1191 1248 1433 1312 Universitatis

315 1354 420 1415 missa
433 1352 546 1414 fuerat
564 1353 651 1413 bene
673 1350 817 1431 accepit.
844 1352 897 1413 llli
914 1354 1027 1415 autem
1045 1355 1280 1432 querebantur
1298 1356 1436 1417 11111111-

315 1459 478 1523 versilate
509 1475 581 1528 sua,
612 1475 717 1536 quum
744 1458 785 1518 ad
811 1458 922 1521 instar
941 1452 1087 1521 aliorum
1113 1460 1383 1525 Universitatum
1401 1465 1436 1526 01

317 1564 509 1629 studiorum
564 1563 779 1642 generalium
823 1564 923 1643 regni
971 1566 1123 1628 Franciae
1159 1569 1194 1630 et
1240 1570 1437 1647 praesertim

316 1673 453 1749 inclytae
468 1669 711 1732 Universitatis
728 1669 932 1732 Parisiensis
944 1673 1062 1733 creata
1076 1675 1181 1746 esset,
1198 1674 1361 1752 quosdam
1379 1676 1438 1754 qni

318 1778 431 1842 officia
441 1778 605 1839 tenerent
617 1776 652 1837 in
668 1776 936 1855 receptionibus,
954 1778 1219 1861 admissionibus
1233 1782 1268 1843 et
1284 1766 1438 1863 assump-

317 1884 468 1949 tionibus
484 1882 862 1961 aliquodjurarnenturn
877 1884 918 1945 de
934 1884 1132 1961 hujusmodi
1148 1886 1269 1948 ciliciis
1290 1888 1440 1951 fideliter

319 1990 523 2055 exercendis
551 1990 718 2068 praestare
746 2005 814 2051 nou
844 1991 1078 2064 consuevisse,
1102 2008 1168 2070 quo
1199 1995 1313 2055 autem
1338 1998 1438 2057 modo

319 2097 587 2164 Universitatem
602 2096 717 2157 laesam
734 2096 901 2173 quondam
921 2097 1040 2158 fuisse.
1061 2098 1181 2161 Statim
1202 2116 1285 2161 vero
1305 2101 1440 2179 legatus

319 2205 397 2267 illos
410 2202 597 2265 officiarios
612 2218 696 2280 quos
709 2202 805 2263 curia
817 2219 959 2264 romana
973 2203 1184 2277 instituerat,
1198 2207 1441 2270 cancellarium

321 2312 433 2390 (cujus
460 2309 611 2371 officium
637 2325 776 2387 semper
795 2309 937 2370 tenebat
962 2310 1146 2389 episcopus
1169 2314 1380 2395 Bajocensis)
1407 2319 1442 2379 et

321 2416 595 2480 ecclesiasticum
611 2416 892 2477 conservatorem
908 2416 1010 2493 (quod
1027 2416 1178 2479 cilicium
1194 2418 1342 2482 invicem
1355 2421 1443 2500 epis-

323 2538 409 2602 copo
422 2521 670 2584 Lexoviensiet
680 2521 1105 2585 Constarrtiensitributum
1119 2527 1204 2594 erat)
1219 2548 1236 2581 «
1250 2529 1445 2599 communia

318 2627 1446 2708 juramentaipsiusUniversitatisstatuta‚videlicetdeobedientia

324 2741 476 2799 Romano
492 2734 648 2814 pontifici
664 2735 698 2795 et
716 2733 877 2796 fidelitate
892 2734 1119 2798 illustrissimi
1134 2737 1300 2817 principis
1316 2740 1444 2803 domini

324 2846 535 2905 Francorum
549 2840 641 2919 regis
657 2840 933 2902 christianissimi
949 2842 1039 2904 acde
1051 2842 1183 2906 honore
1200 2845 1235 2906 et
1251 2847 1447 2909 reverentia

325 2948 473 3013 rectoris
489 2948 644 3027 ejusdem
660 2963 723 3026 pro
739 2949 897 3026 tempere
913 2935 1139 3013 existentium
1155 2951 1389 3026 observandis,
1411 2953 1446 3015 in
1530 2954 1532 2958 '

325 3057 482 3118 manibus
506 3055 632 3134 prefati
655 3054 803 3116 rectoris
827 3056 1055 3133 corporaliter
1079 3057 1119 3117 ad
1144 3063 1364 3121 sacrosancta
1388 3062 1448 3123 Dei

327 3162 527 3241 evangelia¹
545 3184 562 3217 »
579 3161 797 3239 praestituros
814 3177 892 3222 esse
910 3161 1074 3223 decrevit.

386 3269 505 3330 carolo
516 3268 668 3346 Septimo
684 3267 964 3345 deiunct0,regia
974 3271 1129 3345 potestas
1147 3271 1450 3335 nostramUniver-

328 3375 465 3438 sitatern
480 3375 563 3442 satis
582 3375 668 3436 eene
690 3373 819 3434 habuit.
839 3377 913 3435 Rex
928 3375 1018 3436 enim
1035 3377 1226 3438 Ludovicus
1243 3380 1450 3443 Undecimus

328 3481 553 3545 Universitati
581 3481 697 3541 lavere
729 3479 876 3548 videtur,
906 3481 1058 3556 jnridica
1085 3483 1266 3562 privilegia
1294 3487 1451 3550 mandato

328 3589 439 3667 regali
467 3585 682 3648 011111146ΰῖ
713 3588 747 3647 01
778 3585 893 3647 omnia
921 3588 1099 3663 generalia
1123 3589 1304 3669 privilegia
1331 3592 1454 3656 similia

327 3693 518 3774 privilegiis
534 3693 657 3772 quibus
678 3693 842 3753 fruuntur
863 3693 1076 3755 Universitas
1100 3696 1317 3769 parisiensis
1341 3703 1454 3762 Aure-

329 3801 494 3863 lianensis
517 3801 552 3861 et
576 3798 842 3875 andegavensis,
867 3798 1008 3861 decreto
1030 3801 1105 3862 1581
1130 3801 1208 3862 anni
1239 3804 1452 3867 confirmati.

379 4055 492 4107 1111011.
506 4055 588 4115 Calo,
599 4055 640 4114 Ι),
651 4056 687 4113 19,
700 4054 739 4103 ed.
755 4055 851 4113 Benet,
867 4070 885 4116 1,
899 4057 938 4104 32.
951 4055 1138 4106 Cancellarius
1149 4058 1262 4121 gradum
1274 4060 1458 4113 universitatis

334 4136 511 4189 conferebat:
526 4135 676 4197 1101110,οἴΙ
691 4136 845 4197 Bourmont,
861 4136 903 4185 81.
924 4159 955 4172 -
969 4136 1182 4189 Ecclesiasticus
1197 4148 1371 4194 conservator
1383 4143 1459 4194 seho-

334 4217 406 4268 lares
420 4217 448 4266 in
462 4217 587 4267 omnibus
601 4215 690 4264 causis
701 4215 844 4278 judicabat
860 4231 962 4278 eosque
978 4218 1113 4268 tuebatur.
1125 4219 1165 4269 Cf.
1177 4219 1331 4283 Bourmont‚
1346 4225 1385 4272 83.

379 4299 404 4346 1.
420 4295 500 4346 Arca.
516 4295 600 4354 0010,
616 4295 652 4344 D.
668 4297 707 4354 29,
719 4295 765 4345 ed.
788 4296 883 4357 Benet,
897 4312 915 4356 1,
929 4297 971 4345 46.

379 4379 404 4426 3.
421 4376 508 4438 Iota,
531 4377 568 4425 D.
593 4377 632 4437 30,
656 4375 701 4425 ed.
729 4376 824 4437 cenet,
845 4392 863 4436 1,
879 4378 921 4425 41.
951 4405 978 4412 -
1008 4377 1155 4428 Bourmont
1171 4380 1209 4442 (p.
1233 4381 1272 4442 55)
1295 4382 1406 4433 miratur
1427 4383 1461 4434 de

336 4455 522 4508 Lesnauderie
543 4455 772 4507 confirmationem
790 4456 925 4505 Ludovici
943 4456 1087 4507 Undecimi
1103 4460 1244 4510 vocavisse
1259 4462 1386 4526 optimam
1401 4479 1413 4512 1
1435 4465 1463 4513 la

336 4537 476 4588 meilleure
487 4536 521 4587 de
532 4536 707 4586 l’Universitd
722 4552 742 4596 n;
755 4536 804 4585 sed
820 4536 967 4591 Bourmont
983 4553 1037 4587 11011
1052 4537 1138 4599 ipsam
1150 4538 1235 4590 latino
1249 4556 1372 4594 sermone
1385 4559 1462 4594 cons-

339 4616 452 4680 criptam
472 4615 702 4667 confirmationem
723 4615 806 4676 dedit,
823 4631 904 4680 quam
924 4616 1011 4666 solum
1035 4617 1165 4668 indicavit
1188 4620 1225 4682 (p.
1247 4622 1293 4684 11).
1318 4623 1406 4682 Quum
1430 4623 1463 4674 de

339 4696 478 4747 Ludovico
500 4701 610 4759 tractat,
631 4695 718 4746 solum
740 4695 813 4758 regis
831 4695 938 4745 chartas
960 4696 1061 4759 gallice
1083 4696 1197 4762 scriptas
1217 4715 1278 4762 quae
1295 4701 1330 4751 ad
1346 4702 1464 4766 juridica

339 4777 484 4840 privilegia
512 4781 540 4826 01
573 4775 705 4838 quasdam
739 4775 923 4838 exemptiones
960 4777 1159 4840 suppositorum
1193 4779 1288 4831 101011.
1332 4781 1410 4842 Quod
1443 4785 1465 4833 si

341 4858 488 4907 Bourmont
515 4855 603 4918 ipsam
638 4855 868 4905 confirmationem
901 4856 1035 4905 Ludovici
1068 4856 1108 4906 XI
1139 4858 1266 4921 dedisset,
1295 4862 1379 4912 verba
1406 4879 1466 4926 quae

341 4935 482 4988 retulimus
511 4952 594 4998 quum
614 4935 735 4997 legisset,
761 4935 795 4985 de
817 4935 1003 4986 Lesrauderie
1027 4937 1144 5000 opinioni
1168 4938 1260 4988 forsan
1276 4943 1469 5000 consensisset,

342 5015 522 5067 Universitati
535 5015 607 5066 enim
624 5015 783 5066 cadomensi
804 5015 922 5066 inomni
945 5017 1089 5068 occasione
1108 5017 1250 5080 placuerat
1272 5037 1420 5073 memorare
1439 5040 1469 5074 se

342 5097 445 5147 eisdem
469 5095 620 5159 privilegiis
641 5095 739 5157 quibus
764 5094 930 5157 antiquiores
953 5096 1153 5149 Universitates
1176 5099 1255 5160 regni
1271 5106 1298 5150 01
1321 5103 1470 5164 praesertim
