3950 5975
371 1714 465 1773 Hanc
493 1710 674 1773 historiam
708 1711 756 1773 ibi
790 1712 1080 1776 terminavimus:
1111 1732 1131 1777 e
1165 1726 1232 1796 qua
1267 1720 1429 1797 quasdam

311 1818 551 1881 conclusiones
567 1835 711 1897 carpere
734 1818 895 1881 nitemur.
919 1820 1132 1883 Universitas
1162 1841 1237 1901 quae
1261 1842 1431 1907 prospera

312 1925 482 2003 quondam
495 1925 531 1987 in
549 1924 683 2004 origine
704 1943 766 1988 sua
790 1943 895 2007 quum
919 1927 1053 2005 anglica
1074 1930 1160 2001 erat,
1185 1934 1278 2009 Rege
1299 1934 1428 2013 angliae

310 2030 343 2093 ei
368 2030 515 2105 favente,
547 2031 671 2104 fuerat,
702 2050 777 2113 quae
811 2034 1042 2112 prosperitate
1078 2035 1206 2098 iterum
1241 2038 1345 2101 fruita
1376 2042 1429 2102 est

308 2141 414 2200 XVIII
434 2140 572 2212 saeculo,
594 2139 735 2201 Jesuitis
767 2140 931 2219 expulsis,
950 2159 1054 2219 quum
1079 2142 1255 2207 scholares
1280 2163 1325 2208 ex
1347 2147 1430 2209 His-

307 2246 419 2325 pania,
455 2247 719 2334 praesertimque
753 2248 945 2321 Germania,
982 2250 1121 2338 Belgica
1155 2252 1190 2313 et
1211 2253 1326 2315 boreis
1351 2254 1427 2316 aliis

307 2353 506 2432 regionibns
527 2353 704 2416 numerosi
728 2355 910 2417 cadomum
942 2356 1138 2429 veniebant,
1176 2376 1311 2439 quoque
1343 2361 1426 2423 satis

200 2538 202 2542 Ι
306 2477 475 2541 prospera
501 2455 566 2523 'fuit
594 2460 707 2540 prima
731 2462 915 2525 medietate
944 2466 1019 2523 XVI
1040 2465 1158 2526 saeculi
1195 2468 1427 2546 prosperitate

298 2586 389 2647 uera
412 2584 574 2647 sanaque,
594 2586 669 2648 quae
684 2585 751 2631 non
777 2586 796 2630 e
822 2570 1057 2632 materialibus
1078 2573 1181 2635 rebus
1202 2573 1424 2648 evehebatur,

307 2676 416 2739 sedin
434 2674 727 2740 intellectualibus
743 2675 889 2738 lucebat.

364 2788 469 2853 Quam
486 2782 755 2863 prosperitatem
770 2782 984 2844 Universitas
999 2783 1075 2862 ipsa
1093 2784 1223 2863 genuit.
1239 2791 1266 2849 A
1284 2789 1424 2866 regibus

304 2891 475 2971 quondam
496 2888 662 2951 dereIIcta
677 2888 816 2969 saepius
834 2888 1049 2952 Universitas
1068 2891 1225 2969 profecto
1240 2894 1424 2972 patronum

302 2998 418 3061 habuit
434 2998 655 3060 Franciscum
663 2997 826 3068 PrImurm
836 2997 893 3076 qui
900 2999 998 3074 justa
1006 3000 1167 3077 petentes
1178 2996 1264 3064 bede
1278 3004 1421 3083 recepit.

301 3106 367 3166 Sed
396 3104 533 3184 quidem
561 3103 688 3182 regalis
718 3103 918 3182 auhcusque
958 3104 1054 3166 favor
1083 3105 1158 3184 ipse
1197 3106 1423 3169 Umversitati

300 3212 451 3275 tributus
467 3212 542 3284 fuit,
560 3211 640 3290 quia
661 3210 853 3273 studiorum
868 3211 1103 3274 RenovatIone
1125 3212 1421 3293 humanarumque

300 3319 497 3384 litterarum
512 3312 606 3381 cultu
618 3321 690 3395 jam
704 3299 867 3380 enitebat.
1329 3326 1332 3331 ’

360 3425 534 3504 Religiosa
550 3425 761 3487 Reformatio
789 3424 823 3484 in
847 3424 914 3486 hoo
939 3441 1085 3503 corpore
1107 3425 1264 3488 humanis
1294 3427 1420 3492 litteris

299 3533 442 3606 imbuto,
467 3531 675 3595 conrenIens
695 3531 827 3593 invenit
846 3531 1056 3593 alimentum.
1085 3532 1135 3593 Ibi
1157 3534 1276 3610 crevit,
1297 3535 1420 3598 florem

300 3645 375 3719 ejus
399 3639 527 3713 libavit
550 3640 710 3701 arborem
737 3639 939 3700 autemnon
963 3638 1098 3700 cecidit.
1122 3641 1188 3701 Sed
1204 3657 1249 3702 ex
1273 3642 1421 3705 Univer-

300 3747 401 3809 sitate
428 3746 538 3825 regali
567 3746 602 3809 et
629 3744 819 3824 pontificali
847 3761 915 3806 non
952 3745 1080 3807 factum
1113 3745 1177 3807 fuit
1205 3749 1418 3825 gymnasium

300 3854 577 3925 reformatorum,
593 3854 773 3933 pastorum
789 3851 1012 3913 seminarium
1027 3851 1061 3912 in
1078 3853 1192 3915 horeiS
1203 3853 1420 3927 locis,altera

299 3965 435 4047 Genera
450 3978 551 4039 quam
566 3959 744 4022 reformati
761 3960 996 4037 speraverant.
1014 3961 1115 4021 Peste
1130 3977 1233 4038 aegra,
1254 3963 1417 4040 procellis

298 4069 476 4130 bellorum
499 4066 650 4129 cirillum
685 4065 859 4137 inclinata,
895 4066 996 4127 arbos
1026 4067 1182 4127 umbram
1208 4069 1418 4130 Parlamenti

296 4175 404 4237 Curiae
421 4175 456 4236 et
478 4171 605 4252 regalis
620 4173 803 4252 potestatis
829 4172 998 4250 quaesIvit.
1017 4175 1054 4234 In
1072 4172 1304 4236 Universitate
1326 4177 1361 4236 et
1380 4176 1416 4237 in

297 4283 389 4344 Urbe
404 4281 531 4360 regalis
548 4281 632 4342 fides
651 4280 730 4342 fidei
747 4280 944 4342 reformatae
969 4279 1144 4358 praestitit.
1160 4281 1416 4344 Parlamentum

296 4407 372 4452 eam
400 4387 538 4450 reduxit
565 4387 601 4449 in
622 4386 804 4466 pristinam
827 4403 923 4448 suam
952 4385 1108 4456 formam,
1139 4387 1199 4448 sed
1224 4388 1415 4451 utiterum

214 4550 217 4558 .
297 4497 485 4568 cresceret,
513 4512 590 4557 eam
617 4494 775 4573 irrigavit
808 4493 905 4555 noris
940 4492 1131 4572 disciplinis
1165 4495 1415 4559 excellentibus

296 4603 419 4682 quibus
433 4603 588 4664 ceterum
606 4600 869 4665 consentiebant
886 4599 1047 4662 catholici
1062 4600 1320 4681 reformatique.

356 4711 419 4776 Ita,
441 4709 630 4788 incipiente
656 4710 691 4770 et
716 4707 858 4770 finiente
887 4706 1025 4778 saeoulo,
1056 4707 1182 4786 regalis
1200 4709 1355 4788 potestas
1377 4709 1413 4771 in

295 4815 563 4878 Universitatem
578 4832 717 4876 manum
734 4813 899 4893 imposuit
914 4831 1024 4875 suam.
1045 4812 1111 4875 Sed
1130 4813 1223 4876 intra
1244 4814 1305 4876 has
1329 4815 1412 4879 duas

296 4921 561 4984 reformationes
592 4921 739 5000 regales,
773 4921 878 4982 vitam
908 4920 1056 4982 maxime
1081 4920 1267 4999 propriam,
1284 4921 1413 4985 idcirco

293 5028 441 5090 maxime
458 5027 688 5106 spectandam,
705 5027 919 5088 Universitas
935 5026 1043 5104 degit:
1058 5029 1131 5087 XVI
1147 5027 1285 5098 saeculo,
1297 5027 1413 5090 heroi-

293 5153 371 5198 cum
386 5136 523 5214 tempus
540 5136 671 5214 egerat.
682 5133 727 5207 Si,
738 5135 818 5213 post
834 5132 1115 5196 reformationem
1130 5134 1208 5196 1586
1222 5134 1313 5208 anni,
1325 5151 1414 5199 nova
