3950 5975
1069 746 1241 810 ..7⁸-

650 918 746 979 Anno
763 911 852 985 1582,
870 910 955 973 nihil
971 910 1050 971 novi
1061 910 1102 970 ad
1117 910 1385 974 Universitatem
1405 913 1565 990 spectans
1589 912 1710 992 incep-

585 1022 659 1083 tum
689 1021 743 1082 est
780 1020 859 1080 anto
891 1017 1138 1097 septembrem,
1172 1017 1325 1095 quamvis
1352 1018 1387 1078 in
1413 1019 1536 1081 martio
1568 1036 1710 1095 mense,

525 1135 530 1142 “
586 1126 775 1205 praesidens
799 1125 983 1186 Lisaureus
1010 1123 1100 1202 quod
1116 1121 1180 1183 sibi
1200 1122 1415 1186 tribueretur
1436 1126 1478 1185 ad
1498 1125 1577 1200 iter,
1595 1126 1713 1187 viatu-

586 1249 723 1313 rasque‚
754 1234 833 1306 alc,
872 1229 1074 1311 petiverit¹.
1118 1232 1157 1290 In
1203 1231 1393 1309 septembri
1434 1250 1554 1294 mensa
1596 1234 1711 1295 solum

585 1342 767 1403 cadomum
790 1339 895 1407 veuit.
926 1336 984 1399 ubi
1014 1354 1034 1398 a
1064 1337 1265 1415 Valquelino
1298 1339 1409 1400 aditus
1454 1341 1508 1401 est
1534 1338 1557 1400 ².
1590 1340 1706 1401 Primo

586 1446 736 1509 octobris
768 1444 834 1516 dia,
865 1443 1068 1522 congregati
1093 1445 1172 1505 sunt
1199 1441 1341 1517 scabini,
1364 1446 1594 1524 praesentibus
1610 1464 1710 1509 com-

586 1552 763 1625 missariis,
802 1550 1030 1613 deliberatum
1068 1549 1132 1611 init
1168 1550 1314 1629 collegia
1343 1552 1513 1614 visitanda
1548 1570 1635 1624 esse,
1672 1553 1707 1613 et

587 1649 814 1723 scabinos‘ut
843 1659 935 1719 ratas
965 1656 1134 1718 haberent
1163 1674 1183 1717 a
1211 1658 1319 1718 curiis
1364 1659 1536 1737 supremis
1572 1660 1708 1721 litteras

585 1768 732 1845 regales,
755 1767 893 1827 acturos
919 1780 998 1826 asse
1013 1763 1035 1826 ³.
1062 1765 1110 1825 Da
1134 1764 1391 1842 professoribus
1416 1766 1514 1827 novis
1539 1766 1707 1843 eligendis

579 1873 821 1945 ‚tractabatur3
849 1874 937 1933 Dous
960 1872 1089 1947 cujam‚
1113 1870 1380 1933 celeberrimum
1401 1872 1701 1949 Jurisconsultum,

582 1980 626 2041 ad
651 1978 834 2043 cadomum
862 1977 1054 2041 vocandum
1083 1977 1236 2048 curabat,
1267 1978 1307 2039 at·
1338 1977 1514 2041 lohannes
1540 1979 1705 2041 Ruxelius

515 2169 517 2173 .
584 2084 713 2147 amicus
731 2084 934 2163 Veiquelini,
961 2084 1190 2145 humanarum
1210 2083 1408 2145 litterarum
1423 2086 1458 2147 at
1480 2085 1572 2163 jnris
1597 2086 1706 2146 civilis

583 2191 824 2271 peritissimus
874 2189 1004 2270 publici
1045 2189 1187 2251 lectoris
1229 2190 1456 2270 philosophiae
1500 2192 1535 2255 et
1562 2193 1706 2270 poeticae

584 2298 718 2360 Artium
733 2297 901 2361 Facultati
917 2312 1062 2358 munera
1078 2297 1268 2359 ornabatur
1279 2296 1304 2356 4.

1126 2548 1173 2605 III
1274 2579 1277 2588 ι

643 2779 708 2840 Sed
732 2794 837 2856 quum
855 2779 927 2853 jam
953 2791 1039 2853 opus
1068 2773 1164 2853 quasi
1190 2774 1386 2853 perlectum
1413 2792 1491 2837 esse
1515 2776 1702 2848 videretur,

581 2888 721 2964 portum
749 2882 1023 2962 ingredientibus
1048 2881 1171 2943 accidit
1190 2883 1228 2943 ut
1243 2883 1388 2944 adverso
1408 2885 1511 2945 vento
1538 2883 1574 2943 in
1599 2884 1700 2943 altum

583 2992 831 3070 rejicerentur.
863 2994 887 3051 Ε
925 2969 1260 3066 Rothomagensibus
1301 2990 1439 3068 quidem
1472 2989 1547 3052 haee
1578 3007 1705 3052 evene-

584 3100 676 3161 runt.
704 3121 721 3155 a
739 3101 824 3160 Nam
841 3113 956 3176 quum,
974 3096 1043 3157 illis
1054 3095 1139 3174 ipsis
1165 3095 1297 3168 diebus,
1327 3097 1521 3159 conventus
1548 3096 1704 3159 ordinum

583 3207 624 3268 de
640 3221 736 3268 more
752 3206 952 3283 agerentur,
970 3202 1005 3263 in
1029 3201 1082 3262 his
1108 3217 1149 3264 eo
1174 3201 1237 3264 luit
1253 3203 1368 3265 acrior
1382 3221 1485 3282 quam
1499 3204 1536 3264 in
1552 3194 1705 3294 superio-

477 3379 479 3384 ,
583 3313 677 3374 ribus
704 3311 893 3390 tempestas
928 3310 1106 3370 subeunda
1140 3325 1207 3387 quo
1234 3325 1278 3371 ex
1303 3309 1461 3375 omnibus
1487 3311 1705 3389 praefecturis

582 3419 687 3498 legati
700 3419 736 3479 in
759 3434 821 3479 nos
840 3417 1034 3496 paratiores
1057 3417 1292 3479 convenerant
1306 3416 1328 3476 5.
1343 3440 1360 3473 >›
1377 3417 1530 3496 Vectigal
1550 3417 1641 3479 enim
1663 3419 1704 3478 de

583 3528 653 3588 sale
672 3525 852 3587 exsolvere
877 3521 1083 3607 negabauti.
1110 3521 1328 3584 cadomensis
1349 3519 1533 3602 deputatus
1557 3523 1706 3603 primum

582 3632 728 3695 clericos
756 3629 958 3708 nobilesque
987 3628 1068 3698 adit,
1107 3628 1166 3707 qui
1202 3646 1292 3692 eum‘
1321 3628 1517 3715 rejiciunt;
1552 3631 1635 3692 tunc
1665 3631 1705 3692 ad

586 3739 740 3820 plebeios
769 3737 875 3806 venit,
908 3737 977 3798 sed'
998 3734 1113 3797 omnia
1137 3735 1309 3797 malebant
1338 3752 1439 3814 quam
1475 3736 1517 3801 de
1552 3739 1707 3814 augenda

581 3846 747 3924 dignitate
763 3845 864 3921 buJ'us
878 3841 1068 3905 Academiae
1085 3842 1250 3920 cogitare.
1270 3865 1287 3898 c
1308 3845 1417 3910 Quum
1434 3860 1479 3904 ex
1490 3843 1533 3904 iis
1549 3844 1705 3906 nonnulli

582 3952 738 4014 dicerent
754 3967 832 4013 asse
849 3949 983 4011 scholas
1000 3949 1090 4027 apud
1113 3965 1149 4010 se
1171 3948 1345 4026 inquibus
1361 3949 1474 4029 prima
1497 3951 1580 4012 aetas
1597 3950 1704 4011 multo

581 4057 792 4122 commodius
808 4058 985 4131 doceatur,
1008 4055 1066 4120 alii
1080 4055 1257 4133 gymnasia
1272 4072 1350 4117 assa
1365 4055 1502 4118 cadomi
1516 4059 1699 4129 solutiora,

582 4182 747 4228 summam
771 4180 848 4226 esse
874 4163 1060 4233 licentiam,
1090 4162 1218 4223 nullam
1234 4162 1449 4240 disciplinam
1474 4155 1705 4242 qua-studiosi

582 4270 868 4335 contineanturin
881 4269 1011 4341 officim
1029 4269 1086 4329 alii
1101 4275 1236 4331 nullom
1250 4285 1320 4331 aare
1332 4273 1461 4345 liapuoe
1475 4275 1594 4332 latiare
1600 4286 1704 4332 usum

582 4380 881 4452 intercatiensem
899 4375 956 4436 alii
972 4375 1120 4453 danique
1136 4374 1203 4436 alia
1215 4392 1290 4454 quae
1307 4375 1421 4437 omnia
1436 4392 1477 4439 eo
1488 4377 1701 4456 spectabant,

629 4612 649 4659 l.
665 4607 746 4658 Arcb.
760 4621 865 4667 comm,
879 4605 914 4654 R.
935 4605 969 4653 H.
984 4604 1033 4666 V.,
1049 4619 1072 4655 c.
1087 4605 1127 4666 23,
1141 4603 1165 4652 l'0
1182 4605 1221 4653 50.

626 4689 649 4738 i.
666 4687 738 4737 Ibid.
753 4687 776 4735 i⁰
790 4688 842 4735 131.

710 4767 715 4780 ⁸
768 4777 779 4802 ⁰
847 4803 852 4814 .

625 4771 651 4899 Ξ.
665 4766 743 4897 1155}
750 4767 770 4896 J
771 4767 890 4896 affines
904 4843 1036 4894 Ruxalius
1055 4843 1168 4906 primam
1182 4843 1332 4894 orationem
1349 4843 1378 4892 in
1396 4843 1508 4907 publica.
1519 4843 1626 4896 Artium
1637 4845 1701 4896 aula

477 4961 479 4968 ι
564 4928 648 4979 dixit
664 4927 768 4978 octobri
782 4941 875 4976 mensa
893 4925 953 4975 1582
966 4942 972 4973 ε
987 4924 1100 4972 Ruraelii
1117 4939 1210 4987 opera,
1223 4940 1248 4986 p.
1264 4925 1323 4973 217.

627 5010 649 5058 b.
667 5008 760 5059 Oratio
772 5005 900 5057 secunda.
915 5003 1027 5054 Buxelii
1042 5019 1137 5067 opera,
1154 5005 1208 5054 243.

627 5091 650 5138 6.
667 5087 746 5138 Areia.
761 5102 858 5146 comm„
876 5101 902 5134 c.
921 5083 958 5145 23,
973 5083 997 5132 i⁰
1011 5084 1063 5133 137.
