3950 5975
810 794 983 884 *³19-

340 966 547 1027 consensum
577 953 695 1015 rector
729 953 910 1015 conclusit.
949 953 1046 1015 Nova
1085 951 1368 1030 congregatione,
1405 950 1461 1010 cui

340 1058 597 1120 commissarius
614 1054 755 1121 senator
770 1062 805 1122 et
819 1061 1028 1139 procurator
1042 1059 1239 1129 adsuerunt,
1250 1058 1328 1137 ,tum
1344 1058 1462 1118 rector

341 1181 537 1227 sermonem
552 1164 756 1244 praeclarum
769 1168 926 1229 elocutus
940 1168 994 1227 est
1006 1168 1058 1242 tue
1072 1164 1268 1244 eloquentia
1278 1163 1462 1249 praestaret

342 1267 581 1333 Universitatis
622 1272 807 1351 suppositis
842 1272 950 1335 Curiae
1003 1271 1213 1351 deputatus),
1252 1288 1290 1333 ac
1315 1270 1461 1332 'multas

342 1378 611 1457 Rothomagensi
636 1380 853 1442 Parlamento
876 1397 915 1441 ac
946 1380 1101 1442 senatori
1136 1357 1487 1455 commissarioipsi'

343 1484 471 1563 gratias
492 1486 564 1563 egit
577 1486 756 1557 :asseruit
770 1486 917 1565 insuper
942 1503 1040 1565 aequo
1065 1486 1178 1547 animo
1195 1481 1463 1546 Universitatem

342 1591 541 1671 praedictam
557 1592 814 1654 reformationis
831 1594 974 1655 sormam
991 1592 1165 1671 accepis-se
1183 1570 1285 1670 quam
1301 1590 1465 1653 commis-

344 1698 455 1760 sarius
483 1698 519 1759 in
547 1700 755 1760 statutorum
786 1699 884 1761 libris
914 1699 1018 1760 scribi
1042 1698 1158 1777 jussit,
1181 1721 1199 1755 «
1228 1698 1283 1760 cui
1300 1697 1467 1777 praedicta

344 1804 560 1866 Universitas
576 1805 792 1867 sufficienter
806 1805 965 1868 assensit.
984 1828 1001 1861 »

404 1914 551 1974 Senator
575 1912 687 1973 autem
709 1912 768 1974 ille
790 1912 925 1975 cadomi
943 1911 1073 1991 aliquot
1091 1912 1211 1975 diebus
1227 1908 1352 1973 mansit
1370 1912 1408 1972 ut
1423 1910 1464 1972 de

346 2017 495 2079 minimis
521 2020 681 2079 curaret:
713 2018 762 2080 ita
785 2036 849 2097 per
874 2018 1053 2081 decretum
1076 2018 1238 2081 vicesimo
1260 2017 1464 2097 septembris
1565 2096 1569 2103 Ι

199 2131 202 2138 “
264 2131 268 2137 ’
297 2137 299 2140 ·
346 2124 473 2187 mensis
502 2125 557 2187 die
583 2126 761 2187 clausuras
786 2144 861 2205 quae
887 2144 965 2187 cum
994 2126 1124 2188 catenis
1152 2126 1215 2187 viae
1243 2125 1363 2186 limina
1386 2125 1465 2186 ante

261 2273 263 2275 -
346 2232 480 2295 scholas
495 2232 673 2306 tenebant,
685 2234 900 2311 reponendas
907 2232 1013 2310 jussit
1024 2232 1044 2293 ¹.
1062 2232 1203 2305 Diversa
1213 2231 1317 2293 etiam
1327 2230 1468 2309 negotia

345 2340 387 2401 de
403 2338 525 2401 officiis
541 2340 575 2400 et
592 2339 763 2401 facultatis
776 2340 960 2417 theologiae
974 2340 1189 2401 examinibus
1204 2334 1313 2399 finivit
1333 2339 1368 2399 et
1390 2338 1467 2399 stu-

346 2445 579 2533 dinmcollegii
590 2446 723 2521 jurium
738 2447 928 2508 reformare
943 2435 1139 2523 praesertim
1162 2447 1305 2507 conatus
1319 2446 1386 2505 est.

404 2556 483 2622 Quae
513 2553 629 2615 autem
656 2553 945 2632 praescripserint,
976 2554 1155 2615 decretum
1191 2550 1400 2613 Parlamenti
1432 2551 1466 2611 et

348 2659 506 2722 mandata
523 2659 751 2721 commissarii
766 2677 858 2722 nunc
874 2660 1062 2721 videamus.

881 2885 937 2969 1ιί

407 3159 516 3219 Nemo
541 3157 722 3219 mirabitur
746 3159 774 3218 si
798 3158 899 3220 Curia
921 3157 1140 3220 Normanniae
1160 3157 1309 3236 primum
1328 3158 1362 3218 et
1377 3173 1469 3235 prae-

348 3264 468 3325 sertim
481 3265 522 3326 de
534 3265 664 3341 J'urium
677 3265 823 3342 collegio
839 3266 1057 3327 reformando
1073 3265 1256 3337 curaverit,
1272 3264 1362 3342 quod
1378 3263 1469 3324 enim

348 3370 522 3449 antiquius
550 3372 637 3446 erat,
663 3373 704 3432 ab
728 3372 877 3433 Henrico
906 3375 962 3432 Vl⁶
995 3373 1071 3434 1432
1110 3388 1213 3454 anno·
1231 3372 1398 3441 creatum,
1435 3371 1470 3430 et

349 3477 461 3538 carius
492 3477 613 3549 Curiae,
638 3495 712 3556 quae
738 3478 779 3540 de
803 3479 975 3539 laenitate
997 3478 1088 3556 juris
1119 3478 1228 3539 civilis
1253 3464 1469 3540 consiliarios

349 3583 526 3646 evehebat.
692 3668 695 3673 Ἴ

408 3691 509 3752 Curia
536 3692 746 3770 praecepit«
774 3694 813 3752 ut
847 3709 970 3752 munus
1009 3691 1196 3766 lectionum
1227 3709 1367 3752 suarum
1404 3689 1471 3768 ipsi

251 3843 252 3846 ,
348 3797 534 3875 vigilanter
548 3799 584 3860 et
600 3800 763 3859 accurate
777 3815 841 3876 per
856 3815 905 3867 se,
923 3815 991 3859 non
1012 3815 1075 3875 per
1100 3797 1316 3867 substitutos,
1338 3797 1405 3858 nisi
1428 3813 1472 3858 ex

350 3921 454 3964 causa
478 3904 677 3966 necessaria
712 3906 746 3965 et
785 3922 849 3983 per
885 3905 1069 3981 collegium
1110 3906 1306 3982 approbata,
1334 3905 1469 3970 obeant.

349 4008 501 4088 alioquin
517 4028 537 4072 a
552 4011 709 4089 regentia
729 4011 993 4088 explaudentur‚
1012 4012 1047 4072 et
1066 4010 1101 4070 in
1120 4028 1239 4072 eorum
1255 4012 1369 4072 locum
1386 4010 1471 4070 alius

266 4166 269 4171 ⁴
349 4133 413 4194 per
438 4117 622 4195 collegium
650 4119 862 4190 sufficiatur;
889 4117 1006 4178 licebit
1035 4119 1150 4178 autem
1180 4117 1275 4178 senio
1306 4116 1473 4179 contectis

351 4224 410 4283 aut
429 4224 586 4301 corporis
602 4225 827 4286 invalitudine
842 4224 1054 4302 praepeditis,
1072 4225 1130 4285 aut
1145 4223 1343 4285 necessario
1360 4223 1472 4300 aliquo

350 4319 596 4407 im'pedimento
612 4347 677 4409 per
692 4331 875 4408 collegium
892 4331 1111 4409 approbando
1132 4330 1292 4401 detentis,
1312 4347 1380 4390 non
1399 4328 1473 4390 aliis
1544 4317 1546 4320 ’

352 4436 625 4514 quibuscumque
643 4437 906 4498 substitutorum
923 4454 1030 4515 opera
1048 4437 1107 4498 uti.
1126 4459 1143 4492 »
1166 4437 1230 4498 Sed
1246 4459 1263 4492 ‹<
1284 4453 1326 4497 ne
1346 4435 1475 4514 passim

352 4541 450 4604 tacite
471 4542 510 4603 ad
529 4543 774 4620 confugiendas
798 4544 1039 4605 excusationes
1060 4543 1233 4604 desidibus
1249 4544 1345 4604 locus
1363 4541 1476 4603 *relin-

353 4651 478 4726 quatur
493 4671 522 4721 »,
538 4650 692 4710 decrevit
708 4649 836 4711 Curia«
851 4650 981 4728 quodsi
998 4650 1073 4728 quis
1085 4650 1126 4710 ad
1141 4650 1309 4710 lecturam
1319 4648 1476 4710 diurnam

401 4879 421 4926 i.
432 4893 444 4924 o
455 4877 639 4928 Ordonnance
655 4879 732 4928 dudit
745 4880 825 4929 Josse
841 4879 936 4937 Godet,
950 4879 1063 4929 licencie
1075 4895 1108 4929 en
1120 4878 1328 4940 lois‚conseiiler
1338 4895 1372 4928 au
1385 4880 1476 4928 Parle·

353 4963 428 5007 ment
441 4958 475 5007 de
489 4959 662 5020 NormanrHo,
678 4960 860 5008 commissaire
872 4960 971 5021 de'putd
991 4976 1026 5009 en
1041 4965 1112 5009 cette
1120 4960 1214 5022 partie.
1224 4976 1236 5007 n
1249 4958 1337 5020 (Arcti.
1346 4959 1477 5020 Oelo.,D.,

354 5039 393 5097 47,
406 5037 444 5086 ed.
462 5039 559 5099 Benet,
574 5045 593 5099 i,
611 5041 659 5101 73.)
675 5040 741 5099 Quae
754 5040 799 5088 via
814 5059 825 5083 o
845 5039 876 5088 de
891 5040 919 5088 ta
936 5039 1038 5087 C'ttcine
1057 5045 1205 5089 »recenter
1220 5039 1308 5090 adhuc
1322 5040 1471 5109 vocabatur

353 5133 425 5166 nunc
441 5118 591 5169 clarissimo
606 5119 723 5167 Pantenr
734 5120 841 5169 nomine
857 5119 985 5168 decorata
1001 5119 1192 5181 dedicataque.
